2715 3357
226 209 604 296 ancepsbellumsrt
616 204 914 282 nec-necessaria
924 241 1126 289 sententia,
1140 239 1228 281 con-

132 294 320 352 ¹fgtgffiqiffl-
334 296 429 338 alios
451 294 623 335 fortassis
650 306 675 333 a
690 295 876 346 pluribus,
902 294 1099 335 Platonem
1125 297 1226 335 certe

159 352 428 396 &melioribus
453 348 665 388 laudatum.
707 348 783 388 Sed
801 349 848 388 de
875 349 946 388 hoc
972 349 1096 389 multa
1123 349 1227 399 loqui

101 395 135 449 Ῐζ
158 409 264 448 locus
290 400 526 449 dehortatur,
565 414 613 442 ne
640 402 782 443 scilicet
808 413 832 441 a
859 413 988 443 rerum
1011 402 1226 444 narratione

156 461 197 501 in
223 458 471 500 contentionis
498 456 671 495 studium
695 456 880 495 transisse
908 456 1117 496 videamur.

237 513 412 553 Praestat
438 510 554 560 igitur
580 512 754 561 coeptum
796 511 901 560 sequi
929 512 984 557 et,
1020 523 1069 550 ne
1095 511 1227 560 vulga-

157 570 242 608 tum
268 567 449 615 ingeram,
476 565 665 609 lectorem,
694 564 727 603 si
752 564 844 602 forte
871 565 1004 610 nescis,
1032 564 1225 608 admoneo,

158 623 305 661 exstare
332 620 472 672 librum
500 618 714 667 elegantem
737 617 777 656 L.
797 618 931 668 Apulei
949 617 1225 664 Madaurensis,

157 674 315 714 illustris
349 672 550 718 Platonici,
587 672 652 721 qui
685 672 780 711 liber
813 672 1031 711 inscribitur
1067 673 1113 712 de
1140 673 1226 710 Pla-

158 731 254 768 tone.
269 729 297 778 l)
344 727 425 766 Illic
454 726 606 775 quidem
631 728 669 765 et
696 726 813 776 ipsius
840 726 1053 776 prosapiam
1073 728 1111 765 et
1130 728 1227 765 tem-

158 794 229 833 pus
267 781 419 831 originis
455 782 492 819 et
532 781 734 830 parentum
769 779 1004 830 fratrumque
1042 791 1086 818 ac
1119 791 1226 830 prae-

159 837 353 885 ceptorum
378 835 532 872 nomina
563 836 601 871 et
629 834 754 872 studia
783 837 821 872 et
847 834 1161 883 peregrinationes
1189 835 1226 872 et

157 888 373 940 patrimonii
408 886 565 927 modum
610 886 770 937 denique
806 887 903 926 tanti
940 887 1009 925 viri
1037 887 1225 937 opiniones

158 943 322 982 celebres
351 953 396 980 ac
423 942 588 979 famosas
617 942 662 979 de
683 941 763 986 deo,
789 942 834 979 de
861 942 965 985 ideis,
999 942 1044 979 de
1072 942 1224 985 mundo,

158 998 204 1036 de
232 997 371 1041 anima,
398 995 444 1035 de
472 996 622 1039 natura,
651 994 697 1034 de
725 997 911 1044 tempore,
947 995 992 1034 de
1021 994 1141 1034 stellis
1170 1006 1227 1034 er-

162 1050 301 1096 raticis,
329 1049 375 1089 de
394 1048 632 1094 animalibus,
662 1049 707 1088 de
726 1048 970 1100 providentia,
999 1049 1044 1088 de
1063 1048 1150 1095 fato,
1179 1049 1225 1087 de

158 1105 403 1144 daemonibus
416 1132 425 1148 ,
455 1104 501 1142 de
529 1103 699 1147 fortuna,
739 1104 785 1142 de
812 1104 982 1153 partibus
1011 1104 1161 1141 animae
1189 1105 1227 1141 et

158 1169 331 1207 corporeo
352 1156 533 1205 singulari
552 1156 748 1201 domicilio,
769 1157 814 1195 de
835 1157 1024 1201 sensibus,
1040 1157 1086 1195 de
1104 1157 1226 1205 figura

159 1211 320 1261 corperis
348 1210 507 1250 humani
536 1222 580 1249 ac
608 1210 850 1260 dispositione
878 1211 1147 1255 membrorum,
1180 1210 1226 1249 de

161 1265 340 1303 divisione
368 1265 563 1308 bonorum,
593 1264 638 1302 de
665 1265 887 1309 virtutibus,
916 1264 961 1303 de
989 1265 1127 1313 triplici
1154 1265 1227 1302 vir-

157 1320 240 1359 tute
267 1318 521 1368 ingeniorum,
549 1317 595 1357 de
624 1318 745 1358 tribus
773 1318 897 1358 causis
926 1317 1226 1369 appetendorum

157 1374 361 1417 bonorum,
397 1373 443 1409 de
471 1373 680 1421 voluptate,
715 1373 760 1409 de
789 1373 914 1410 labore
929 1400 938 1416 ,
977 1373 1022 1410 de
1060 1373 1226 1409 amicitia

157 1426 447 1474 inimicitiaque,
475 1425 521 1463 de
550 1426 650 1474 turpi
679 1436 824 1470 amore,
860 1426 905 1464 de
943 1425 1064 1464 tribus
1092 1425 1227 1464 amori-

158 1479 241 1526 bus,
271 1479 317 1519 de
337 1479 532 1529 speciebus
552 1479 798 1529 culpabilium
821 1479 1027 1523 hominum,
1056 1479 1102 1517 de
1123 1481 1226 1516 statu

160 1536 199 1572 et
225 1534 393 1571 moribus
422 1535 536 1582 atque
565 1534 666 1571 exitu
696 1534 892 1582 sapientis,
926 1534 971 1572 de
999 1533 1224 1578 civitatibus,

158 1586 204 1628 de
232 1599 271 1628 re
298 1586 448 1639 publica
480 1586 601 1638 deque
630 1586 710 1627 eius
742 1586 977 1627 institutione
1005 1586 1225 1637 legibusque

158 1642 310 1692 optimis
338 1664 392 1668 —-
419 1642 465 1680 de
500 1642 577 1687 his,
611 1643 789 1691 inquam,
823 1643 998 1679 omnibus
1035 1643 1226 1680 succincta

157 1696 340 1735 brevitate
367 1695 611 1745 conspicuum
638 1708 708 1735 nec
726 1696 969 1735 inamoenum
988 1696 1142 1745 cognitu
1169 1707 1225 1735 re-

157 1749 276 1800 periet
303 1750 522 1788 tractatum.
537 1750 565 1799 ²)
624 1750 681 1788 De
716 1750 821 1787 initio
859 1750 992 1787 mundi
1026 1750 1127 1787 idem
1154 1750 1224 1787 sibi

159 1804 258 1852 quod
293 1803 449 1848 nostris,
495 1803 602 1841 cuius
637 1804 867 1841 contrarium
905 1804 1110 1842 successori
1145 1803 1224 1842 eius

159 1857 349 1895 Aristoteli
376 1857 500 1894 visum
529 1859 604 1901 est,
640 1857 826 1895 mundum
861 1869 935 1895 non
964 1858 1145 1906 coepisse,
1180 1859 1225 1895 ut

157 1911 320 1949 testatur·
349 1910 475 1949 Cicero
504 1911 542 1948 in
570 1911 689 1960 primo
708 1911 1010 1949 Tusculanarum
1038 1911 1225 1960 quaestio-

157 1974 250 2001 num
276 1963 381 2008 libro,

157 2069 259 2161 {li'oett
279 2070 460 2119 Apuleius
496 2082 584 2109 eum
626 2071 666 2109 in
704 2071 775 2109 hac
810 2070 978 2120 opinione
1014 2071 1224 2110 variantem

183 2133 241 2161 ica
261 2153 268 2160 .

239 2229 415 2270 Ceterum
433 2232 587 2271 tametsi
613 2232 660 2271 ab
689 2232 794 2271 initio
819 2232 932 2271 huius
961 2232 1080 2283 operis
1100 2232 1227 2272 decre-

157 2283 315 2330 vissem,
349 2296 396 2323 ne
432 2286 522 2335 quid
559 2287 710 2325 aliunde
746 2298 861 2335 quam
898 2298 941 2325 ex
970 2288 1224 2325 saecularibus

156 2337 290 2376 litteris
327 2341 524 2388 sumptum
558 2340 837 2385 intersererem,
881 2341 957 2378 sive
991 2341 1225 2388 ignorantiae

157 2391 317 2430 aliarum
358 2393 451 2430 mihi
499 2394 689 2439 conscius,
736 2395 812 2433 sive
855 2394 937 2433 ideo
978 2405 1025 2433 ne
1070 2406 1129 2433 res
1172 2394 1226 2432 dj-

158 2445 412 2485 stantissimas
435 2446 650 2496 importuna
680 2448 923 2497 permixtione
946 2447 1224 2493 confunderem,

157 2498 287 2536 tamen
321 2510 412 2537 cum
448 2501 495 2537 ad
530 2501 630 2539 hunc
664 2504 817 2539 tantum
844 2502 1099 2550 philosophiae
1128 2502 1224 2539 anti-

158 2551 286 2590 stitem
326 2554 481 2602 tamque
529 2554 698 2603 religioni
739 2557 888 2592 nostrae
931 2556 1225 2593 consentaneum

155 2606 311 2643 ventum
345 2606 450 2651 foret,
487 2609 697 2658 temperare
733 2609 828 2646 mihi
866 2620 940 2647 non
978 2609 1099 2658 potui,
1136 2620 1225 2658 quo-

227 2712 251 2752 ¹)
285 2712 324 2743 In
358 2713 521 2754 plerisque
556 2715 723 2747 codicibus
758 2715 813 2747 ille
847 2715 929 2747 liber·
962 2693 1152 2747 insesibitur
1188 2716 1225 2748 de

155 2752 305 2795 damnate
333 2754 496 2788 Platonis.
541 2756 620 2789 Mss.
643 2757 734 2790 Harl.
758 2760 791 2789 et
813 2758 906 2789 Voss.
930 2758 1007 2789 dant
1029 2758 1067 2789 de
1088 2758 1225 2789 Platone

156 2799 185 2827 ει
208 2797 283 2841 eius
304 2798 455 2839 dogmate
477 2800 559 2832 liber
589 2801 724 2842 incipit.
750 2820 790 2824 -
822 2802 847 2841 2)
870 2801 1057 2833 Notandum
1081 2804 1139 2842 est,
1163 2801 1224 2833 Pe-

155 2839 294 2872 trarcam
315 2849 356 2873 ea
376 2842 503 2874 tantum
527 2843 635 2885 capita
648 2843 704 2875 hic
727 2844 951 2886 perstringere,
976 2852 1058 2885 quae
1074 2845 1225 2886 genuinis

155 2882 286 2931 duobus.
312 2883 406 2916 libris
436 2886 612 2926 Apuleiani
653 2887 729 2918 libri
761 2888 982 2927 continentur,
1018 2889 1056 2919 ut
1090 2887 1224 2919 tertium

155 2924 289 2964 Apuleu
319 2927 377 2967 qui
405 2928 507 2959 fertur
535 2929 656 2961 librum
691 2932 749 2962 aut
777 2930 907 2962 omnino
941 2940 1004 2962 non
1035 2930 1224 2972 cognovisse

113 3001 117 3005 ,
156 2975 231 2999 eum
255 2968 312 3001 aut
332 2968 412 3002 huic
433 2980 498 3003 non
520 2972 708 3005 attribuisse
730 2972 801 3005 veri
824 2972 932 3005 simile
954 2973 1007 3005 sit.

1405 725 1554 775 Apulei.
1583 726 1628 764 cle
1657 727 1772 776 eloym.
1806 726 1903 765 Plat.
1934 727 1956 764 l.
1986 726 2003 764 I
2030 728 2069 765 et
2096 726 2145 765 ΙΙ.

1410 1750 1485 1788 Cic.
1526 1750 1636 1786 Tusa.
1674 1750 1703 1794 I,
1743 1751 1804 1793 29,
1843 1750 1910 1786 70:
1946 1749 2052 1786 Haec
2089 1749 2205 1797 igitur
2240 1751 2279 1787 et
2312 1749 2388 1788 alia
2431 1764 2443 1767 *f

1323 1803 1612 1842 innumerabilia
1641 1814 1728 1841 cum
1756 1802 1959 1848 cernimus,
1995 1812 2245 1852 possumusne
2278 1800 2397 1841 dubi-⁷

1322 1860 1402 1896 tare
1432 1858 1523 1906 quin
1552 1858 1598 1895 iis
1625 1857 1764 1906 praesit
1791 1856 1927 1905 aliquis
1953 1855 2012 1894 vel
2040 1855 2200 1901 effector,
2233 1856 2265 1894 si
2293 1856 2388 1895 haec

1322 1914 1412 1950 nata
1440 1913 1545 1955 sunt,
1573 1913 1616 1948 ut
1644 1911 1788 1949 Platoni
1815 1910 1979 1954 videtur,
2011 1909 2069 1947 vel
2096 1909 2130 1948 si
2158 1919 2306 1959 semper
2331 1908 2391 1948 fu-

1323 1965 1719 2057 {tuffdnziffiismoen
1746 1964 1879 2013 placet,
1906 1963 2118 2000 moderator
2143 1963 2243 2001 tanti
2269 1963 2390 2013 operis

1401 2069 1551 2120 Apulei.
1580 2070 1601 2109 l.
1623 2084 1652 2108 c.
1682 2071 1700 2108 I
1728 2083 1759 2108 c.
1799 2071 1841 2108 8:
1876 2069 1926 2108 Et
1958 2070 2060 2108 hunc
2096 2069 2249 2119 quidem
2278 2074 2391 2108 mun-
2440 2108 2450 2115 ,

1323 2125 1415 2162 dum
1449 2136 1550 2162 nunc
1585 2126 1663 2162 sine
1699 2124 1804 2161 initio
1831 2135 1912 2162 esse
1940 2123 2046 2168 dicit,
2082 2124 2177 2162 alias
2203 2123 2390 2173 originem

1322 2180 1459 2218 habere
1486 2180 1693 2227 natumque
1721 2189 1812 2217 esse.
