2715 3357
1190 0 1355 47 s*
1379 0 1398 4 ἡ
1463 0 1482 5 ἢ
1500 0 1584 40 52
1642 0 1770 34 ’Ὗ
1788 11 1850 32 ω
1869 0 2053 33 ’νῆ
2080 0 2411 62 effes..
2449 3 2468 15 ⁴

144 278 179 311 a
277 267 607 324 &MT-mma
634 273 799 314 Cranno.
822 284 834 289 ·
854 275 955 313 Eum
983 283 1094 325 saepe
1121 285 1212 313 cum
1238 286 1328 314 rura
1357 277 1575 325 peragraret
1601 275 1724 313 solum
1751 269 1895 314 fuisse:
1924 270 2001 314 occ.
2030 273 2079 313 de
2103 266 2166 323 aff.
2204 267 2336 324 1111,
2361 268 2384 315 1
2423 258 2426 260 Ὺ
2523 258 2526 260 ’
2574 272 2576 274 ’
2598 286 2605 317 ς
2631 231 2715 337 ²23³}

133 324 266 387 atque
284 332 400 386 'plura
426 330 531 371 brevi
557 331 724 380 tempore
750 339 879 368 eversa
893 329 923 379 1)
952 340 1070 378 quam
1097 328 1231 367 multis
1255 328 1364 367 annis
1386 330 1512 368 stante
1531 340 1571 367 re
1589 328 1739 378 publica
1758 327 1972 379 scripsisse:
2006 322 2195 384 Οόαῶιᾲ.
2209 319 2276 367 111
2293 327 2330 374 1,
2340 320 2388 366 l.

135 413 138 414 ν
280 387 317 427 4.
335 385 505 426 Mucms
544 382 763 423 Scfflvom
800 380 947 433 (ναῖεν.
978 380 1092 422 Max.
1122 381 1217 421 VIII
1248 383 1292 429 8,
1327 382 1368 433 2)
1425 382 1521 433 pilae
1564 384 1603 422 et
1645 382 1748 422 alveo
1786 381 2015 433 calculisque
2042 383 2205 422 vacasse
2226 380 2395 422 dicim}

68 479 78 490 ,
139 438 283 482 Valer.
313 439 428 480 Max.
456 438 479 477 l.
510 451 540 476 c.
1643 474 1645 476 e
2373 444 2374 447 ’

109 495 115 498 “
1136 490 1166 527 Ε
1182 502 1205 528 x
1220 492 1237 529 t
1251 503 1271 529 e
1285 502 1305 528 r
1319 503 1344 528 n
1357 491 1370 528 i
1386 504 1395 528 :

281 548 316 586 1.
344 546 652 585 EPAMINONDAS.
707 544 818 590 Eum,
839 544 903 593 qui
923 544 1023 594 apud
1042 543 1385 594 praestantissimos
1415 546 1585 583 auctores
1604 544 1662 583 vel
1682 544 1825 594 primus
1846 545 1903 583 vel
1932 545 2031 583 inter
2048 542 2189 594 primos
2206 540 2387 584 Grandae

6 604 16 616 ¹
40 609 59 613 ”
97 630 100 633 Δ
149 602 263 642 duces
291 600 515 644 nominetur,
544 599 682 636 fidibus
710 599 898 648 praeclare
927 597 1127 636 cecinisse:
1162 596 1238 636 Cic.
1270 597 1379 636 Tusc.
1411 597 1429 635 Ι
1457 599 1494 643 2,
1524 598 1559 635 4.

149 709 254 748 Max
278 656 314 746 2l.
342 655 553 745 retentans
582 651 727 701 (Valer.
750 651 865 691 Max.
894 651 986 690 VIII
1007 652 1030 690 8
1059 654 1130 691 ext.
1153 652 1204 701 2).
1251 650 1380 711 Simile
1410 651 1550 701 aliquid
1579 652 1785 691 Homerum
1812 651 1856 691 de
1884 652 2028 692 Achille
2055 651 2222 692 tradere:
2259 649 2390 709 ναῖεν.

278 763 314 800 3.
344 761 553 800 Soanms
581 757 726 808 (Valer.
745 759 858 798 Max.
880 759 972 797 VIII
994 760 1016 797 8
1045 762 1115 798 ext.
1141 760 1193 809 1).
1227 759 1336 800 Eum.
1365 772 1454 798 cum
1485 760 1562 797 iam
1582 762 1703 798 aetate
1723 760 1927 808 provectior
1946 761 2056 805 esset,
2084 759 2223 799 fidibus
2251 770 2403 799 vacare*

77 834 80 835 ⁷
147 815 329 868 coepisse:
366 812 488 853 Valer.
519 811 633 851 Max.
664 812 685 851 l.
716 825 745 852 c.
804 813 962 864 (Eadem
999 823 1058 851 res
1091 815 1268 851 narratur
1299 812 1372 851 Cic.
1403 813 1448 852 dc
1476 824 1554 851 sen.
1586 813 1630 859 8,
1668 814 1747 864 26).
1803 812 1976 852 Eundem
2016 813 2234 865 interposita
2270 822 2386 852 aruu—

147 871 232 908 dine
259 870 433 908 cruribus
459 880 547 906 cum
574 869 739 916 parvulis
769 869 847 906 suis
875 868 1029 905 lusisse:
1065 866 1187 905 Valer.
1222 868 1335 905 Mam.
1367 869 1388 905 Z.
1420 882 1449 905 c.

653 986 877 1035 Caput
904 988 990 1025 ΙΙ.
1046 989 1152 1025 De
1182 987 1402 1025 studio
1432 990 1500 1024 et
1526 987 1870 1025 industria.

275 1085 379 1123 Haec
407 1084 520 1122 verba
549 1086 700 1133 sumpta
731 1087 819 1122 sunt
846 1096 889 1122 ex
926 1083 1049 1122 Valcr.
1081 1084 1195 1122 Max.
1226 1084 1317 1121 VIII
1349 1085 1369 1122 7
1397 1084 1442 1121 (le
1470 1084 1595 1121 studio
1622 1086 1656 1120 ct
1683 1084 1889 1122 industria.

277 1139 311 1176 1.
341 1137 381 1177 C.
419 1137 559 1175 IULIUS
597 1136 771 1175 CAESAR.
828 1137 873 1175 In
901 1138 1004 1175 libris
1034 1150 1056 1175 a
1083 1136 1242 1176 Caesare
1280 1138 1426 1187 scriptis
1462 1137 1727 1175 enumerandis
1757 1137 1933 1176 Petrarca
1963 1136 2132 1186 sequitur
2158 1135 2382 1177 &adonium

146 1192 273 1243 (Caes.
303 1204 384 1240 cap.
417 1191 497 1241 56).
554 1191 686 1237 Illum,
724 1193 768 1229 ut
805 1192 843 1229 in
873 1190 1135 1229 Saturnalibus
1172 1191 1353 1241 scriptum
1382 1192 1450 1236 sit,
1488 1203 1639 1229 omnem
1675 1191 1968 1229 inconstantiam
2002 1195 2216 1241 temporum
2243 1194 2382 1242 vagam

87 1262 90 1264 “
144 1247 267 1286 adhuc
305 1248 342 1285 et
369 1246 554 1284 incertam
581 1245 620 1283 in
654 1245 823 1284 ordinem
853 1248 974 1284 statae
1002 1246 1224 1284 definitionis
1253 1246 1437 1294 coegisse:
1478 1244 1646 1283 Mam-ob.
1675 1244 1755 1283 Sat.
1787 1245 1804 1282 Ι
1834 1246 1895 1291 14,
1925 1247 1960 1284 2.
2017 1245 2145 1284 Etiam
2164 1244 2383 1285 Ciceronem

145 1299 315 1339 Caesaris
355 1299 643 1337 commentarios
679 1299 876 1337 laudasse:
920 1298 995 1337 Cic.
1023 1298 1137 1337 Brut.
1170 1300 1237 1342 75,
1278 1300 1367 1336 262.
1436 1298 1581 1346 Quibus
1617 1299 1791 1336 laudibus
1827 1298 1991 1344 Hirtius,
2026 1310 2140 1348 quem
2178 1298 2382 1338 Suetonius

145 1355 363 1402 scriptorem
399 1364 526 1390 rerum
564 1364 586 1389 a
624 1352 782 1390 Caesare
820 1355 1015 1400 gestarum
1055 1355 1161 1401 putet
1193 1352 1308 1400 (Suet.
1345 1352 1453 1390 Caes.
1486 1353 1565 1401 56),
1603 1352 1684 1390 illos
1718 1353 2005 1390 commentarios
2050 1352 2199 1391 efferat:
2241 1351 2380 1402 (ΗΜ.)

153 1405 261 1446 Caes.
297 1407 328 1445 b.
363 1418 398 1456 9.
437 1403 542 1444 VIII
578 1407 612 1454 1,
648 1407 671 1443 1
699 1417 777 1455 sqq.
817 1405 945 1456 (Hirtii
982 1406 1096 1445 verba
1134 1417 1315 1456 magnam
1354 1407 1500 1456 partem
1537 1416 1559 1444 a
1596 1404 1772 1444 Suetonio
1811 1405 1834 1444 l.
1863 1417 1894 1444 c.
1932 1405 2161 1458 laudantur.)
2227 1405 2381 1455 Quanta

147 1462 336 1499 celeritate
363 1461 402 1497 in
430 1460 695 1508 componendis
724 1461 827 1497 libris
856 1472 948 1497 usus
978 1461 1045 1497 sit:
1075 1460 1176 1497 Suet.
1212 1460 1319 1498 Caes.
1353 1462 1414 1497 56.

278 1514 314 1552 2.
345 1511 385 1552 C.
406 1511 570 1552 CAESAR
597 1513 825 1552 AUGUSTUS.
874 1512 1025 1562 Quanto
1053 1512 1182 1552 ardore
1210 1513 1248 1551 in
1278 1512 1401 1552 studia
1422 1512 1588 1551 liberalia
1616 1512 1844 1551 incubuerit:
1874 1511 1974 1551 Suet.
1998 1510 2074 1551 Oa.
2094 1513 2146 1551 84
2164 1513 2249 1552 init.
2305 1512 2382 1563 Qui

147 1568 231 1605 libri
260 1568 307 1605 ab
335 1579 377 1604 eo
407 1568 535 1615 scripti
564 1568 658 1604 sint:
695 1567 796 1604 Suet.
828 1567 849 1604 l.
880 1581 909 1604 c.
941 1569 1039 1616 8522)
1106 1568 1252 1614 Quibus
1290 1568 1480 1615 magistris
1516 1568 1554 1604 in
1584 1567 1725 1604 Graeca
1761 1568 1888 1615 lingua
1923 1570 2037 1615 atque
2072 1567 2112 1604 in
2146 1566 2382 1617 philosophia

147 1632 240 1660 usus
269 1620 336 1659 sit:
366 1618 467 1659 Suet.
497 1619 519 1658 l.
550 1633 579 1658 c.
609 1620 658 1658 89
672 1620 716 1670 ³).
771 1620 870 1658 Eum
906 1620 1056 1669 ingenia
1087 1620 1227 1659 saeculi
1256 1620 1313 1659 sui
1341 1620 1516 1659 omnibus
1545 1619 1666 1659 modis
1695 1619 1828 1659 fovisse
1858 1619 2045 1670 librosque
2074 1631 2184 1671 saepe
2218 1622 2314 1660 totos
2340 1622 2382 1660 et

147 1675 273 1724 ipsum
310 1674 457 1712 senatui
489 1674 667 1711 recitasse
703 1677 741 1712 et
776 1675 908 1723 populo
944 1677 1049 1712 notos
1088 1686 1153 1723 per
1189 1674 1354 1711 edictum
1382 1674 1534 1711 fecisse:
1575 1673 1675 1711 Suet.
1706 1674 1727 1711 Ι.
1755 1687 1784 1711 c.
1816 1674 1877 1711 89.
1932 1674 2159 1723 Temporum
2184 1674 2380 1719 rationem,

148 1739 264 1777 quam
289 1727 319 1765 I.
348 1726 487 1765 Caesar
521 1727 666 1776 primus
703 1728 750 1765 ad
786 1729 930 1765 certum
958 1728 1124 1766 ordinem
1153 1728 1358 1776 redegerit,
1387 1740 1476 1765 eum
1503 1739 1577 1766 uno
1606 1740 1725 1774 errore
1754 1730 1940 1776 comperto
1967 1727 2225 1767 emendavisse
2253 1739 2382 1767 emen-

148 1781 355 1831 datumque
384 1781 546 1820 aheneae
573 1781 726 1820 tabulae
754 1781 940 1827 incidisse,
967 1784 1011 1819 ut
1038 1782 1219 1830 scriptum
1247 1783 1290 1820 in
1318 1780 1615 1820 Saturnalibus:
1644 1780 1811 1820 Mam-ob.
1842 1780 1922 1819 Sat.
1952 1780 1971 1819 I
2000 1781 2050 1819 14
2081 1781 2143 1819 15.
2259 1826 2262 1829 ⁴

279 1837 315 1874 3.
342 1836 394 1874 M.
409 1835 644 1874 TERENTms
666 1836 808 1873 VARRO
829 1834 973 1885 (Valer.
992 1835 1106 1874 Max.
1129 1835 1221 1874 VIII
1243 1837 1277 1881 7,
1298 1837 1350 1886 3).
1392 1836 1559 1875 Varrone
1579 1836 1767 1875 neminem
1787 1847 1955 1885 unquam
1974 1835 2179 1875 doctiorem
2195 1835 2314 1876 fuisse
2332 1846 2380 1875 ne

150 1889 251 1939 apud
272 1888 433 1928 Graecos
454 1889 616 1938 quidem,
646 1890 787 1928 nedum
817 1890 917 1938 apud
936 1890 1099 1935 Latinos,
1129 1890 1368 1928 Lactantium
1396 1891 1637 1929 confirmare:
1666 1889 1840 1928 Lactant.
1863 1887 1984 1928 Firm.
2004 1887 2140 1928 Dimtn.
2161 1889 2281 1929 instit.
2302 1888 2324 1928 1
2341 1889 2379 1928 6.

279 1942 383 1991 Quae
424 1945 653 1992 sequuntur:
701 1943 751 1981 M.
782 1943 978 1982 Tullius
1009 1974 1016 1981 .
1048 1973 1056 1982 .
1086 1973 1095 1981 .
1135 1944 1181 1982 in
1218 1944 1340 1993 ipsis
1369 1943 1766 1982 Academicorum
1809 1943 1971 1988 libris,
2009 1943 2094 1982 ubi
2130 1942 2261 1981 nihil
2286 1954 2382 1982 om-

145 1997 259 2034 nino
295 1997 605 2041 firmandum,
648 1998 728 2035 sed
764 1997 817 2035 de
852 1998 1081 2035 omnibus
1118 1997 1452 2035 dubitandum
1489 1998 1734 2046 disputat,
1773 1997 2041 2041 „omnium“
2076 1998 2124 2035 te
2160 1996 2385 2048 „facile⁴).

146 2050 518 2089 aeuti'ssimum“
555 2050 697 2097 dicit,
742 2050 929 2096 deinde,
965 2050 1099 2089 velut
1133 2062 1310 2090 memor
1345 2051 1603 2100 propositi,
1649 2050 1993 2100 subsequitur:
2029 2051 2104 2095 „et
2136 2049 2244 2089 sine
2265 2049 2380 2102 ,11113

148 2103 460 2143 dubitatione
498 2105 873 2143 doctissimum“
910 2107 1062 2154 sumpta
1092 2117 1173 2143 esse
1212 2107 1366 2154 apparet
1393 2117 1436 2143 ex
1464 2103 1682 2154 Auyustino
1710 2105 1755 2142 de
1782 2106 1848 2143 civ.
1879 2102 1998 2152 Deir»)
2027 2103 2081 2141 VI
2107 2104 2152 2142 2:
2181 2103 2380 2155 „Denique

149 2159 187 2195 et
214 2157 292 2206 ipse
319 2158 462 2196 Tullius
491 2158 578 2196 huic
605 2159 679 2197 tale
707 2159 966 2197 testimonium
995 2159 1182 2207 perhibet,
1210 2161 1254 2197 ut
1278 2159 1317 2196 in
1346 2159 1449 2196 libris
1477 2159 1709 2197 Academicis
1738 2158 1839 2196 dicat
1866 2168 1961 2203 eam,
1991 2168 2088 2206 quae
2113 2157 2167 2196 ibi
2193 2159 2378 2204 versatur,

278 2274 302 2316 ¹)
325 2275 422 2316 Apud
437 2274 622 2308 Petrarcam
646 2275 805 2317 scriptum
828 2278 877 2308 est
899 2286 1020 2307 mersa.
1038 2294 1078 2298 —
1103 2276 1127 2316 2)
1152 2274 1262 2308 Placet
1285 2275 1398 2308 afferre
1422 2284 1504 2316 quae
1520 2274 1670 2307 Fen-arca
1693 2273 1731 2305 de
1755 2273 1864 2306 codice
1890 2273 2030 2315 quodam
2052 2273 2325 2317 epigrammatum
2340 2275 2382 2308 *et

149 2317 363 2357 epistularum
385 2319 528 2359 Augusti
552 2319 642 2358 dicit,
670 2329 767 2358 quem
791 2329 866 2350 cum
890 2318 1080 2350 adulescens
1104 2319 1256 2357 xu'disset,
1288 2321 1397 2358 postea
1420 2318 1558 2349 multum
1583 2317 1762 2357 quaesisset
1795 2327 1899 2357 neque
1928 2317 2118 2348 invenisset.
2164 2315 2328 2358 „Scripsit
2346 2320 2381 2350 et

149 2359 420 2401 epigrammatum
442 2360 562 2392 librum
587 2364 618 2392 et
642 2361 852 2402 epistolarum
875 2361 916 2393 ad
938 2361 1092 2393 ainioos.“
1117 2360 1234 2402 inquit,
1259 2361 1447 2401 „conditum
1470 2359 1668 2392 facetissima
1690 2359 1847 2400 gravitate
1870 2361 1903 2391 et
1924 2357 2189 2392 luculentissima
2208 2358 2380 2401 brevitate,

152 2403 238 2443 quod
262 2412 344 2443 opus
366 2403 603 2444 inexplicatum
632 2408 664 2436 et
687 2405 772 2436 carie
796 2415 957 2436 semesum
981 2404 1177 2436 adolescenti
1208 2405 1290 2435 mihi
1315 2405 1347 2435 in
1371 2414 1486 2435 manus
1510 2403 1615 2441 venit,
1645 2402 1784 2434 multum
1807 2403 1990 2443 frustraque
2125 2402 2225 2435 odum
2270 2403 2380 2436 11ιωί-

148 2446 252 2477 tum.“
296 2446 345 2478 De
368 2446 428 2478 hoe
453 2447 723 2488 epigrammatum
745 2447 827 2479 libro
852 2448 908 2479 cfr.
935 2448 1021 2479 Suet.
1051 2447 1117 2479 Oet.
1143 2447 1194 2479 85.
1220 2447 1363 2478 Martial
1385 2447 1433 2478 XI
1458 2446 1516 2482 2ος
1541 2447 1578 2478 de
1602 2445 1751 2486 epistulis
1777 2445 1862 2477 Suet.
1891 2445 1981 2478 Caes.
2050 2470 2057 2477 .
2079 2444 2129 2477 Ia.
2157 2444 2226 2478 Oet.
2247 2413 2303 2479 39.
2327 2447 2379 2479 71.

104 2502 106 2504 >
147 2487 198 2520 76.
214 2487 266 2521 86.
297 2488 344 2520 Id.
366 2488 479 2522 Glaml.
496 2490 526 2522 4.
544 2490 590 2522 Id.
607 2490 678 2523 vita
694 2489 810 2522 Horat.
824 2501 857 2532 p.
875 2492 916 2523 45
932 2501 979 2532 sq.
1012 2490 1255 2522 Reifferscheid.
1283 2490 1381 2521 Taczt.
1398 2489 1478 2521 deal.
1499 2490 1547 2521 13.
1585 2488 1724 2527 Quintil.
1741 2488 1755 2520 Ι
1772 2489 1802 2529 6,
1821 2488 1869 2520 19.
1886 2487 1903 2520 Ι
1919 2488 1949 2530 7,
1966 2488 2019 2521 22.
2055 2487 2134 2521 Gen.
2150 2487 2194 2522 N.
2208 2488 2249 2522 A.
2264 2487 2311 2532 X,
2326 2489 2379 2522 24.

147 2530 292 2563 Macrob.
309 2532 377 2564 Sat.
390 2533 423 2564 Π
435 2534 465 2567 4.
484 2533 533 2565 12.
553 2534 728 2566 Clamlian.
745 2545 792 2575 ep.
809 2534 855 2566 ad
874 2534 981 2574 Olybr.
999 2535 1065 2575 (41)
1083 2533 1133 2566 ⁶23.
1167 2534 1317 2566 Ceterum
1340 2534 1396 2565 cfr.
1421 2533 1589 2564 IVez‘ehet-t.
1605 2533 1720 2572 Imper.
1738 2532 1885 2564 Caesaris
1900 2531 2044 2574 Augusti
2059 2541 2194 2573 operum
2208 2531 2380 2575 reliquiae,
2398 2561 2406 2566 .

148 2573 278 2605 Grimae
295 2574 473 2607 1841—46.
490 2576 507 2607 1
529 2586 559 2616 p.
576 2577 646 2608 150.
682 2576 725 2607 Hi
743 2577 817 2608 libri
841 2577 961 2607 fuerint
983 2577 1053 2607 veri
1069 2578 1166 2617 atque
1189 2576 1228 2607 ab
1252 2577 1322 2616 ipso
1338 2577 1485 2616 Augusto
1509 2574 1681 2614 conscripti
1698 2584 1807 2609 necne,
1837 2574 1871 2605 id
1893 2584 1958 2606 non
1980 2574 2093 2606 minus
2106 2574 2243 2606 difficile
2263 2576 2316 2607 est
2336 2574 2379 2608 od

145 2615 403 2657 diiudicandum,
427 2628 525 2659 quam
541 2621 590 2650 est
613 2619 646 2650 in
670 2620 900 2661 epigrammate
917 2619 956 2651 ab
971 2619 1105 2660 Hageno
1129 2629 1170 2650 ex
1185 2618 1342 2650 Beinensi
1366 2618 1475 2650 codice
1498 2627 1600 2658 nuper
1628 2617 1723 2648 edito.
1748 2616 1808 2656 (Cf.
1833 2615 1921 2649 Mus.
1945 2616 2050 2649 Rhen.
2068 2615 2199 2659 18801).
2216 2615 2282 2651 569
2292 2618 2381 2660 sqq.)

148 2658 211 2691 Sed
233 2659 322 2692 haud
350 2660 418 2692 scio
434 2671 475 2693 an
496 2664 582 2694 recte
614 2662 718 2703 Voiyt,
743 2662 795 2694 die
818 2662 1113 2703 Wiederbelebung
1135 2662 1192 2693 des
1208 2661 1406 2694 classischen
1428 2660 1638 2697 Alterthums,
1662 2670 1691 2700 p.
1717 2660 1768 2699 26,
1792 2659 1979 2692 Petrarcam
2000 2660 2153 2701 opinatur
2175 2669 2253 2692 cum
2271 2661 2379 2694 sohte

147 2704 321 2742 provectus
350 2706 449 2744 esset,
474 2704 509 2735 in
531 2705 716 2745 codicibus,
741 2716 821 2746 quos
851 2705 1025 2737 admodum
1048 2704 1238 2737 adulescens
1261 2704 1376 2736 leviter
1398 2703 1585 2744 inspexerit,
1608 2705 1737 2743 putasse
1760 2702 1861 2735 libros
1882 2713 1902 2735 a
1923 2712 1960 2735 se
1981 2702 2132 2735 inventos
2153 2711 2243 2744 esse,
2264 2703 2324 2746 qui
2344 2711 2382 2736 te

147 2754 226 2777 vera
255 2744 290 2776 in
320 2746 368 2778 eis
398 2757 462 2779 non
484 2747 612 2780 fuerint.
631 2767 671 2771 —-
696 2751 721 2789 ³)
736 2748 888 2780 Petrarca
903 2749 1091 2790 Augustum
1106 2747 1292 2788 Apollodori
1309 2747 1501 2788 Pergameni
1518 2745 1700 2786 philosophi
1717 2746 1854 2786 eiusque
1869 2745 2011 2778 filiorum
2026 2745 2182 2787 Dionysii
2195 2747 2233 2789 et
2244 2744 2382 2779 camis

148 2787 328 2820 amicitiam
351 2790 554 2829 quaesivisse
582 2793 699 2823 narrat.
751 2791 789 2823 In
818 2801 882 2832 qua
910 2801 944 2822 re
976 2792 1132 2823 memoria
1155 2790 1330 2822 destitutus
1354 2799 1422 2821 esse
1446 2789 1528 2820 mihi
1550 2789 1688 2819 videtur.
1740 2788 1827 2820 Nam
1849 2790 1888 2820 ut
1909 2787 1993 2820 illud
2005 2788 2148 2821 missum
2169 2788 2300 2831 facim,
2345 2824 2350 2827 ,

2668 2805 2685 2819 ’Δ

148 2828 269 2863 Canore
284 2831 479 2864 Nicanorem
502 2834 589 2874 apud
611 2834 803 2866 Suetonium
826 2844 897 2866 esse
921 2853 963 2857 —-
986 2834 1020 2865 in
1043 2834 1104 2866 hac
1126 2833 1213 2865 enim
1237 2843 1280 2873 re,
1305 2836 1340 2864 ut
1364 2833 1397 2864 in
1419 2832 1493 2864 aliis
1517 2831 1683 2873 plurimis,
1707 2841 1770 2863 non
1792 2831 1925 2864 videtur
1945 2830 2115 2876 Patarea,
2142 2831 2205 2866 sed
2223 2823 2297 2873 qui.
2326 2837 2331 2840 ’
2351 2832 2385 2859 '⁴
2511 2854 2514 2855 γ
2630 2808 2712 2877 ..³²3

36 2917 40 2921 ,
147 2872 252 2921 tiones
274 2874 430 2908 libiorum
453 2876 524 2909 eius
548 2880 745 2910 curaverunt
767 2888 917 2919 peccasse
934 2897 975 2901 —
990 2877 1141 2918 Dionysii
1164 2879 1196 2909 et
1211 2876 1381 2909 Nicanoris
1404 2877 1494 2916 patei·
1514 2875 1588 2916 quis
1609 2875 1706 2907 fuerit
1725 2874 1804 2907 licet
1825 2884 1868 2907 ex
1889 2874 2037 2909 maxima
2056 2873 2206 2919 Suetonii
2227 2874 2381 2911 codicum
2534 2884 2560 2921 st.-
2603 2876 2715 2921 ’ξω

49 2925 52 2929 ·
148 2915 366 2958 discrepantia
387 2919 459 2950 erui
481 2919 540 2950 vix
563 2921 681 2960 possit:
706 2931 781 2952 euin
804 2921 844 2953 ab
866 2920 1058 2961 Apollodoro
1082 2920 1348 2960 distinguendum
1371 2928 1439 2950 esse
1459 2918 1666 2950 manifestum
1689 2919 1748 2949 est.
1773 2936 1814 2940 —
1837 2919 1864 2958 ⁴)
1881 2917 1941 2950 Ed.
1954 2916 2221 2954 ΒασιῑρῒΒαπ.
2236 2915 2379 2954 bfflfl‘n.
2460 2943 2466 2947 .
2536 2956 2539 2957 ⁷
2569 2920 2635 2961 ᾖς’.
2688 2923 2715 2955 g„

0 2968 22 2977 “’
80 2966 90 2975 ³
149 2974 190 2981 —
216 2958 242 2999 ⁶)
264 2959 322 2992 Ed.
338 2960 504 3003 Dombart,
526 2962 615 3004 Lips.
635 2963 728 2996 1877.
762 2964 800 2996 In
824 2964 940 2996 ceteris
955 2963 1133 3005 Augustini
1156 2962 1248 2994 libris
1271 2961 1441 2994 afferendis
1463 2960 1654 3002 pleiumque
1669 2960 1810 2993 editione
1825 2959 1988 2994 Desiderii
2004 2957 2143 3005 Erasmi,
2162 2954 2380 3007 Βααὶὶὔῧξ),
2566 2961 2715 3007 1·ss'›f.⁷-.'³„s·÷

44 3009 54 3017 ’
85 3010 96 3027 ι·
151 3001 192 3034 10
213 3003 289 3035 tom.
312 3002 376 3045 fol„
399 3014 480 3035 usus
503 3015 594 3046 sun13
618 3007 772 3040 nonnulla
794 3007 920 3039 conexi
944 3016 984 3038 ex
1007 3006 1148 3048 editione
1171 3005 1402 3037 Maurinorum.
2354 3024 2359 3027 .
2514 3015 2528 3036 -Υ
2553 3012 2564 3043 ξ’
2671 3007 2715 3031 15,
