2715 3357
1129 25 1309 97 3 3

159 198 346 251 quorpse
368 180 550 236 Petrarca
577 194 795 235 Ciceronem
822 196 875 235 rei
904 208 927 236 a
955 209 995 237 se
1022 199 1254 237 memoratae
1274 198 1524 238 —narratur
1549 198 1679 235 autem
1705 195 1745 234 in
1771 192 1936 235 secundo
1962 193 2275 243 Academiam-
2133 191 2143 200 ‘
2239 173 2417 241 *qm

68 253 93 302 {j-
108 282 129 289 ..
144 242 435 298 -z-,auctorem
462 261 545 290 esse
573 248 674 287 dicit.
740 250 842 288 Nam
868 261 966 300 quae
992 250 1171 290 Petrarca
1198 250 1239 290 in
1263 253 1384 302 capite
1411 251 1532 301 primo
1561 250 1719 290 secundi
1752 248 1838 289 libri
1863 242 2400 299 rerummomflss'ffimffi

101 309 103 311 '
139 305 318 347 ,Lucullo
336 305 376 344 et
392 302 593 342 Hortensio
612 302 723 341 dicit:
754 303 871 349 „Sed
898 316 1004 343 cum
1032 304 1211 356 duplex
1236 306 1466 346 memoria
1492 303 1584 350 sit,
1611 314 1706 342 una
1733 313 1915 348 rerum,
1934 300 2192 341 verborum
2218 298 2396 343 altera,

111 366 121 394 3
161 359 390 412 primam,
426 356 578 407 qualem
614 356 654 395 in
681 356 795 396 Fabio
821 357 931 396 modo
959 359 1100 405 rettuli,
1128 359 1245 398 talem
1280 359 1330 398 in
1367 358 1592 403 Lucullo,
1627 357 1859 408 amplissimo
1897 358 1936 395 et
1970 355 2199 406 imperatore
2220 352 2402 393 simul-ot

161 412 388 465 philosopho,
425 410 802 450 admirabiliter
836 413 1083 462 comperio
1119 413 1351 463 viguisse,
1389 412 1657 453 secundam
1690 410 1928 450 habuisse
1964 408 2157 449 videtur
2188 406 2400 456 Horm-

147 468 277 512 ,sius
344 465 617 514 Utriusque
653 465 798 504 testis
836 468 913 504 est
948 465 1132 512 Cicero,
1180 469 1404 506 coaetaneus
1442 467 1675 510 amborum,⁴‘
1714 466 1793 504 eius
1826 465 1881 503 rei
1914 463 2041 503 Cicero
2075 463 2116 502 in
2150 459 2398 502 altere‘libm

162 519 473 560 Academicorum
500 518 730 558 mentionem
749 519 849 557 facit.
896 520 1108 565 „Habuit
1136 522 1263 560 enim
1293 522 1348 571 (L.
1378 520 1574 570 Lucullus)
1604 520 1823 558 divinam
1850 517 2090 568 quandam
2115 513 2396 556 memoriam

161 576 367 618 rerum,“
396 571 527 621 inquit,
558 573 835 617 „verborum
863 574 1094 613 maiorem
1121 574 1498 624 Hortensius.“¹)

293 625 397 673 Quae
426 637 515 663 cum
542 625 597 663 ita
625 625 712 671 sint,
739 638 838 664 unus
870 628 1021 675 quidem
1048 628 1141 666 liber
1168 630 1251 677 quis
1280 629 1393 667 fuerit
1418 629 1610 671 videmus;
1649 638 1718 675 age
1756 627 1807 664 sis
1835 626 1919 675 quis
1956 626 2050 664 alter
2075 624 2190 663 fuerit
2217 645 2267 651 —-
2297 622 2393 662 duos

162 680 261 718 enim
296 679 473 717 Petrarca
508 681 779 717 commemorat
810 702 857 706 —-
887 680 1123 728 indagemus.
1190 682 1272 720 Iam
1310 694 1395 721 vero
1434 694 1477 720 ex
1515 681 1634 730 primo
1670 679 1981 718 Academicorum
2015 677 2264 728 posteriorum
2297 676 2393 715 libro

161 734 284 772 locum
304 730 507 782 quendam,
534 733 578 770 ut
607 743 648 771 eo
675 734 869 772 revocetur
895 733 993 773 unde
1022 734 1096 773 huc
1116 734 1316 774 declinavit
1335 736 1460 781 oratio,
1492 746 1514 773 a
1534 734 1711 772 Petrarca
1739 733 1839 771 nullo
1866 732 2134 770 interveniente
2159 729 2393 768 translatum

162 798 243 825 esse
273 798 386 835 supra
405 785 756 824 demonstravimus.
800 788 853 825 Ex
884 799 956 835 quo
976 789 1214 837 perspicuum
1243 792 1311 832 est,
1341 792 1488 839 praeter
1507 788 1716 827 secundum
1735 787 1900 836 priorum
1919 784 2231 824 Academicorum
2248 782 2393 823 librum

160 840 363 891 primum
391 839 789 879 Academicorum
816 841 1148 891 posteriorum
1177 842 1209 882 ei
1238 844 1369 882 notum
1396 843 1524 882 fuisse.
1573 840 1694 889 Quem
1712 841 1890 879 Petrarca
1908 840 2066 878 fortasse
2083 837 2276 883 intellexit,
2303 847 2393 881 cum

161 894 316 933 tertium
334 893 645 931 Academicorum
673 895 812 932 librum
841 907 880 933 se
906 895 1089 934 invenisse
1110 897 1217 941 dicit;
1249 898 1308 936 hic
1328 898 1429 936 enim
1457 897 1550 935 liber
1569 896 1746 945 quoniam
1765 895 1908 945 primus
1929 893 2176 943 posteriorum
2192 889 2393 931 Academi-

160 959 290 985 corum
318 949 391 991 est,
420 948 585 996 proxime
615 948 785 996 sequitur
811 949 950 986 librum
979 950 1187 988 secundum
1214 951 1379 1000 priorum
1406 950 1733 993 Academicorum,
1768 951 1832 993 ut,
1862 948 1894 986 si
1922 958 2052 986 omnes
2079 945 2392 985 Academicorum

159 1001 270 1039 libros
300 1000 408 1050 quasi
443 1012 517 1039 uno
547 1002 674 1040 tenore
709 1013 972 1048 numeramus,
1002 1003 1164 1052 quodam
1199 1004 1309 1043 modo
1337 1005 1470 1044 tertius
1499 1003 1678 1053 appellari
1705 1002 1832 1052 possit.
1898 1000 2005 1049 Quod
2032 1011 2118 1038 vero
2137 998 2318 1037 Petrarca
2343 997 2392 1036 de

159 1054 267 1093 tertio
287 1057 325 1092 et
351 1056 485 1103 quarto
505 1055 598 1092 libro
618 1056 765 1104 profert,
794 1056 843 1100 id,
871 1068 958 1093 cum
979 1057 1026 1094 ab
1047 1058 1124 1106 ipso
1144 1060 1361 1106 corrigatur,
1378 1060 1406 1108 ²)
1435 1070 1512 1096 non
1532 1058 1629 1095 tanti
1648 1056 1796 1094 videtur
1813 1057 1858 1093 ut
1876 1054 2090 1093 accuratius
2109 1051 2390 1103 examinetur.⁸)

288 1108 430 1146 Verum
459 1109 552 1146 haec
581 1108 733 1158 quidem
761 1109 806 1148 de
826 1109 1059 1149 Academicis
1080 1111 1207 1157 libris;
1237 1124 1338 1153 nunc
1366 1113 1414 1152 ad
1441 1111 1675 1162 propositum
1702 1110 1943 1149 revertamur.
1997 1108 2121 1157 Atque
2148 1106 2282 1145 ceteris
2308 1105 2392 1156 qui·

159 1162 244 1200 dem
273 1162 403 1206 rebus,
434 1172 530 1210 quae
560 1163 605 1201 de
634 1163 800 1201 Varrone
831 1175 853 1201 a
883 1164 1060 1202 Petrarca
1087 1168 1306 1211 narrantur,
1345 1168 1393 1204 ad
1424 1177 1511 1204 suos
1540 1167 1710 1203 auctores
1745 1163 1928 1202 revocatis
1954 1164 2075 1200 restat
2109 1162 2155 1199 ut
2181 1159 2228 1199 de
2255 1170 2390 1199 corona

158 1215 281 1253 navali
309 1215 444 1260 dicam,
474 1227 549 1264 qua
577 1227 600 1254 a
629 1216 803 1265 Pompeio
832 1217 969 1265 Magno
998 1229 1086 1256 eum
1114 1231 1158 1257 ex
1185 1220 1339 1268 piratico
1367 1220 1462 1259 bello
1491 1219 1674 1257 donatum
1703 1229 1785 1256 esse
1813 1216 1874 1256 ille
1902 1216 2041 1254 narrat.
2095 1213 2200 1262 Quae
2226 1224 2285 1252 res
2311 1214 2390 1252 tra-

158 1268 259 1307 ditur
286 1280 308 1307 a
337 1267 467 1307 Plinio
496 1268 650 1308 Maiore
676 1270 715 1307 in
743 1269 903 1308 historia
930 1271 1103 1310 naturali
1130 1272 1202 1310 Vss
1233 1274 1310 1322 (30,
1338 1274 1404 1323 31)
1436 1274 1525 1312 115.

287 1323 323 1360 4.
352 1322 404 1360 M.
423 1322 602 1361 Tunnms
633 1323 795 1361 CICERO.
837 1323 1053 1363 Ciceronem
1083 1338 1105 1363 a
1128 1325 1260 1365 Plinio
1288 1326 1459 1366 Secundo
1487 1328 1531 1365 in
1559 1325 1650 1364 libro
1677 1323 1870 1363 naturalis
1897 1322 2076 1362 historiae
2103 1322 2255 1370 sartione
2281 1320 2386 1359 iuxta

157 1376 365 1414 Varronem
410 1377 631 1415 collocatum
674 1390 773 1416 esse:
838 1377 942 1417 Plin.
982 1378 1017 1417 h.
1057 1391 1096 1418 n.
1137 1380 1210 1418 VII
1254 1381 1331 1430 (30,
1362 1382 1428 1431 31)
1477 1381 1565 1419 116.
1644 1378 1748 1427 Quae
1788 1380 1872 1417 tum
1914 1378 1959 1416 (16
2004 1375 2190 1415 Ciceronis
2234 1375 2312 1413 vita
2348 1376 2387 1413 et

158 1429 304 1480 scriptis
333 1431 585 1480 exponuntur,
623 1442 667 1469 ea
703 1431 757 1469 ita
784 1432 990 1481 generatim
1026 1432 1126 1471 dicta
1162 1437 1270 1480 sunt,
1305 1437 1348 1472 ut
1382 1435 1430 1472 ad
1459 1446 1574 1483 quem
1616 1434 1815 1481 antiquum
1844 1432 2061 1480 scriptorem
2088 1428 2281 1468 referenda
2308 1428 2386 1466 sint

156 1484 327 1530 indagari
355 1485 414 1520 vix
442 1485 569 1532 possit.
628 1485 702 1523 Sed
736 1486 829 1523 haec
868 1498 963 1534 quae
1001 1490 1258 1527 memorentur
1293 1489 1467 1527 videntur
1501 1488 1615 1536 digna
1652 1499 1745 1526 esse.
1808 1484 1929 1524 Mihi
1965 1482 2156 1534 quidem
2188 1482 2263 1521 vix
2297 1492 2386 1523 1111-

156 1548 295 1585 quam
331 1536 669 1586 peregrinatio
706 1538 898 1588 longior
934 1542 1165 1590 suscepta
1207 1544 1298 1587 est,
1342 1542 1484 1591 inquit,
1530 1541 1613 1579 ubi
1654 1551 1747 1578 non
1791 1539 2074 1586 incognitos
2111 1536 2384 1579 Ciceronis,

156 1601 211 1627 ne
239 1590 399 1627 dicam
426 1591 602 1634 libros,
632 1592 710 1628 sed
739 1592 965 1629 inaudita
993 1594 1226 1631 librorum
1253 1597 1447 1632 nomina
1484 1594 1808 1642 compererim.
1870 1591 1978 1639 Quod
2003 1591 2043 1629 in
2070 1591 2235 1629 extremo
2259 1588 2382 1639 capite

157 1642 256 1688 dicit,
287 1641 470 1682 Senecam
501 1644 713 1693 eloquentia
739 1656 808 1684 sua
837 1643 1051 1685 Ciceronem
1087 1646 1124 1685 111
1161 1648 1390 1687 carminibus
1419 1647 1645 1687 destitutum
1681 1658 1761 1685 esse
1799 1644 2042 1689 contendere,
2076 1644 2135 1681 est
2167 1642 2269 1692 apud
2295 1640 2382 1679 An-

154 1708 294 1734 naeum
320 1696 500 1734 Senecam
527 1698 566 1734 in
593 1699 775 1745 excerptis
804 1701 1144 1738 controversiarum
1170 1701 1251 1739 Ζῶν.
1281 1703 1339 1739 ΠΙ
1361 1703 1526 1749 praefat.
1557 1703 1588 1750 ἓ.
1619 1702 1654 1738 8.

288 1750 323 1788 5.
351 1750 402 1788 Μ.
422 1750 602 1789 TULLms
628 1751 740 1789 TIRO.
787 1752 836 1796 Is,
865 1755 908 1790 ut
923 1751 1050 1790 Aulus
1075 1752 1220 1792 Gellius
1247 1755 1363 1793 tradit
1390 1755 1427 1793 in
1458 1755 1549 1793 libro
1578 1754 1741 1792 noctium
1762 1752 1997 1796 Atticarum,
2023 1750 2209 1789 librorum
2234 1750 2384 1799 patroni

156 1803 215 1841 sui
250 1803 301 1841 M.
329 1803 441 1842 Tullii
480 1804 777 1844 studiosissimus
814 1808 915 1844 erat:
957 1805 1049 1845 Gell.
1090 1807 1197 1846 Noct.
1235 1808 1312 1846 Alc.
1340 1809 1408 1846 XV
1445 1810 1481 1853 6,
1510 1810 1546 1846 2.
1601 1808 1695 1845 Loco
1729 1806 1891 1855 proxime
1925 1803 2157 1853 insequenti:
2201 1801 2386 1849 „conant

155 1859 256 1897 hunc
284 1859 329 1897 de
359 1859 507 1908 patroni
536 1860 594 1897 sui
622 1860 710 1898 iocis
739 1861 850 1899 libros
879 1861 1038 1900 edidisse
1067 1864 1104 1901 et
1132 1863 1313 1913 quidquid
1350 1863 1419 1902 sibi
1446 1863 1587 1914 passim
1616 1863 1827 1901 memoratu
1852 1858 2008 1910 dignum
2035 1856 2242 1903 acciderat,
2271 1866 2385 1896 accu-

154 1912 341 1951 ratissime
361 1913 597 1961 colligentem
624 1914 664 1952 in
691 1926 808 1953 unam
837 1916 1047 1964 congeriem
1074 1917 1271 1966 redegisse,
1300 1929 1347 1956 ne
1377 1929 1452 1967 qua
1480 1929 1566 1967 pars
1585 1918 1684 1954 illius
1705 1915 1838 1964 eloquii
1863 1914 2024 1964 periret“
2051 1915 2183 1951 utrum
2209 1910 2383 1962 scriptori

154 1965 323 2004 Macrob.
353 1965 433 2004 Sal.
464 1967 502 2004 II
533 1968 566 2011 1,
599 1968 668 2006 12:
704 1968 853 2013 „Cicero
882 1972 1011 2007 autem
1038 1974 1227 2019 quantum
1262 1972 1300 2009 in
1336 1984 1380 2010 ea
1408 1984 1446 2009 re
1475 1972 1634 2009 valuerit
1663 1970 1746 2019 quis
1782 1970 1932 2018 ignorat
1970 1967 2034 2016 qui
2062 1966 2127 2006 vel
2145 1965 2272 2005 liberti
2299 1964 2383 2005 eius

152 2019 277 2064 libros,
306 2031 400 2069 quos
429 2021 461 2058 is
482 2021 527 2059 de
556 2021 645 2059 iocis
674 2022 819 2071 patroni
849 2024 1066 2072 composuit,
1094 2036 1186 2073 quos
1207 2025 1362 2074 quidam
1391 2025 1507 2075 ipsius
1536 2027 1671 2074 putant
1694 2034 1786 2068 esse,
1814 2023 1934 2071 legere
1954 2019 2081 2059 curavi
2099 2024 2122 2041 ‘⁴
2150 2030 2203 2058 an
2221 2017 2380 2069 W.

152 2072 205 2110 VI
226 2074 261 2117 3,
282 2074 325 2111 5:
356 2074 538 2119 „Utinam
565 2075 721 2114 libertus
749 2076 828 2114 eius
857 2076 941 2114 Tiro
970 2079 1038 2115 aut
1064 2078 1174 2124 alius,
1204 2079 1372 2128 quisquis
1400 2079 1482 2124 fuit,
1511 2079 1575 2127 qui
1603 2078 1670 2116 tris
1698 2078 1769 2114 hac
1796 2076 1842 2114 (16
1869 2086 1909 2114 re
1937 2074 2050 2113 libros
2077 2073 2205 2119 edidit,
2230 2070 2382 2123 parcius

152 2126 338 2165 dictorum
365 2139 522 2166 numero
568 2129 811 2167 indulsissent
846 2133 884 2168 et
917 2132 1001 2179 plus
1038 2132 1163 2169 iudicii
1199 2133 1239 2170 in
1264 2133 1440 2181 eligendis
1470 2144 1584 2181 quam
1619 2132 1657 2169 in
1685 2129 1925 2179 congerendis
1953 2127 2069 2166 studii
2095 2125 2383 2166 adhibuissem&
2411 2169 2418 2172 ,

152 2181 238 2217 ante
258 2180 383 2218 oculos
411 2181 535 2225 fuerit,
563 2182 601 2219 id
621 2182 823 2221 diiudicare
852 2195 924 2221 non
945 2185 1073 2229 audeo,
1103 2197 1191 2224 cum
1210 2186 1311 2224 illinc
1330 2186 1511 2223 vocabula
1530 2186 1575 2223 (le
1594 2186 1686 2223 iocis
1706 2186 1743 2222 et
1765 2183 1923 2231 patroni
1941 2182 2016 2229 sud,
2043 2181 2133 2219 hinc
2150 2179 2382 2220 vocabulum

78 2277 91 2288 ᾗ
157 2234 348 2282 cemyeries
376 2236 571 2284 sumptum
598 2247 679 2274 esse
706 2236 832 2285 possit.
881 2236 953 2275 Sed
982 2238 1030 2275 ad
1049 2238 1282 2277 Macrobium
1308 2239 1430 2287 magis
1458 2239 1603 2277 inclino.

285 2288 320 2324 6.
350 2287 603 2326 SALLUSTms
633 2289 814 2328 Cmspus.
870 2290 926 2328 De
955 2291 1025 2329 hoc
1052 2292 1247 2331 Petrarca:
1285 2291 1459 2342 „Crispus
1489 2292 1707 2334 Sallustius,
1744 2289 1876 2328 nobilis
1903 2287 2071 2327 veritatis
2098 2285 2301 2327 historicus
2330 2308 2380 2314 —

152 2339 205 2377 sic
233 2340 333 2378 enim
368 2341 413 2380 de
441 2342 500 2379 illo
530 2343 628 2392 apud
658 2346 828 2382 auctores
858 2344 1070 2383 verissimos
1102 2346 1283 2395 scriptum
1312 2346 1415 2384 video
1446 2368 1494 2372 —
1524 2356 1596 2394 quo
1623 2345 1768 2383 fidelius
1796 2354 1855 2381 res
1882 2341 2032 2380 Africae
2059 2341 2381 2393 complecteretur,

151 2393 264 2431 libros
301 2394 462 2433 Punicos
499 2398 718 2446 perquisivit
754 2399 1062 2447 peregrinamque
1100 2400 1269 2448 linguam
1312 2412 1376 2449 per
1420 2400 1663 2448 interpretem
1703 2396 1879 2446 flagranti
1920 2395 2045 2434 studio
2072 2397 2267 2435 scrutatus
2292 2394 2381 2434 ‘oefv-

151 2446 250 2494 Quin
282 2450 320 2486 et
346 2449 468 2487 maria
496 2452 755 2499 transgressus
785 2452 930 2497 dicitur,
960 2455 1002 2491 ut
1030 2454 1147 2492 oculis
1177 2454 1254 2493 suis
1283 2453 1447 2493 crederet
1475 2454 1519 2492 de
1548 2452 1823 2491 condicionibus
1851 2451 2054 2489 locorum.“
2100 2449 2207 2499 Quae
2233 2447 2394 2490 mediae·

150 2501 287 2538 aetatis
315 2502 473 2540 alicuius
502 2504 689 2553 scriptoris
717 2506 891 2544 videntur
918 2509 1132 2545 commenta
1162 2520 1254 2552 esse,
1284 2508 1443 2556 exceptis
1472 2508 1602 2556 primis
1631 2507 1770 2550 verbis,
1808 2517 1905 2553 quae
1931 2504 1995 2542 ille
2021 2517 2068 2543 ex
2094 2503 2316 2554 Augustino
2338 2501 2382 2540 in

150 2565 263 2592 suum
290 2557 494 2595 transtulit.
550 2558 654 2603 Haec
683 2560 783 2598 enim
813 2560 913 2609 apud
941 2561 1199 2609 Augustinum
1226 2562 1265 2600 in
1294 2561 1410 2611 primo
1439 2561 1530 2600 libro
1559 2560 1604 2599 de
1631 2560 1777 2599 civitate
1805 2556 1884 2598 Dei
1913 2558 2009 2609 (cap.
2031 2558 2071 2609 5)
2100 2557 2244 2608 scripta
2269 2558 2380 2596 simt:

149 2606 388 2654 „SaHustius,
416 2610 635 2650 nobilitatae
665 2614 832 2652 veritatis
860 2614 1137 2664 historicus.“‘¹)
1961 2627 1963 2629 ’
2176 2640 2179 2642 ’

279 2746 303 2786 ¹)
332 2747 398 2779 Cio.
422 2749 524 2780 Aead.
541 2749 558 2782 1
583 2752 611 2790 1,
629 2750 657 2782 2.
683 2770 723 2773 —
741 2753 766 2791 ²)
788 2752 839 2783 Ita
862 2751 1118 2784 Fracassetti
1144 2763 1271 2794 quoque
1294 2753 1400 2786 locum
1424 2753 1592 2794 intellegit,
1616 2753 1664 2784 816
1687 2753 1933 2794 interpretatus:
1957 2753 2020 2793 „m'
2044 2753 2159 2786 nvvidi
2181 2752 2244 2785 che
2264 2754 2382 2794 questo

148 2788 326 2820 contenere
351 2790 414 2822 due
437 2791 522 2831 libri,
547 2794 661 2834 quanti
685 2803 762 2826 sono
785 2797 945 2835 appunto,
976 2795 1044 2827 6166
1075 2796 1099 2827 11
1134 2798 1221 2828 terzo
1244 2797 1283 2828 ed
1312 2796 1336 2827 il
1359 2798 1487 2837 quarto,
1527 2796 1586 2828 che
1616 2805 1715 2827 sono
1737 2797 1982 2828 veramente
2012 2795 2045 2828 il
2074 2794 2253 2829 secondo
2278 2795 2328 2829 od
2346 2794 2382 2830 il

147 2830 259 2863 terzo
287 2831 397 2865 delle
422 2835 709 2868 Academiche.
740 2856 781 2861 -
813 2839 838 2878 ⁸)
862 2838 982 2870 Attilz‘o
1007 2838 1125 2871 Hortis
1149 2839 1204 2879 (M.
1219 2839 1252 2871 Τ.
1277 2839 1429 2872 Cicerone
1452 2838 1535 2870 nelle
1558 2847 1651 2879 opere
1674 2838 1725 2870 del
1748 2838 1903 2871 Petrai-ca
1930 2848 1950 2870 e
1977 2837 2030 2871 del
2052 2837 2228 2879 Boou-oio,
2255 2835 2382 2872 m

149 2871 242 2905 1878.
265 2884 296 2915 p.
320 2875 362 2908 53
384 2886 415 2909 n.
442 2877 473 2918 1)
497 2877 575 2911 item
599 2882 704 2922 negat,
727 2879 912 2913 Petrarcam
936 2882 1062 2923 praeter
1084 2883 1142 2915 hos
1169 2883 1250 2914 duos
1274 2883 1543 2914 Academicorum
1566 2882 1665 2914 libros
1693 2881 1775 2914 alios
1803 2881 1967 2914 habuisse.
1993 2900 2034 2905 —-
2057 2883 2085 2923 ⁴)
2107 2880 2172 2914 Otr.
2193 2880 2379 2924 miu-

14 2917 38 2938 Ἃ
103 2955 105 2957 ¹
147 2914 256 2957 Epist.
282 2918 344 2950 139
366 2929 392 2951 c.
419 2920 474 2954 16:
504 2921 543 2953 In
566 2922 647 2956 libro
670 2924 769 2956 etiam
792 2924 868 2957 belli
891 2924 1049 2958 Catilinae
1074 2951 1080 2957 .
1107 2951 1113 2957 .
1139 2951 1145 2957 .
1171 2926 1258 2957 idem
1281 2925 1504 2958 nobilissimus
1527 2924 1713 2958 historicus.
