2715 3357
158 274 161 277 ’
188 263 372 302 *reversus
398 265 557 297 excussa
584 252 799 303 diligentius
826 265 1012 294 annorum
1048 254 1142 294 serie
1169 266 1271 293 com-

148 305 151 307 *
199 315 306 365 perit,
330 312 429 363 quod
450 310 496 348 de
515 309 706 348 Hieremia
725 310 936 358 scripserat,
957 322 1032 348 non
1051 309 1168 348 fuisse
1186 321 1271 359 pos—

202 366 321 413 sibile,
349 364 438 414 quia
456 362 669 402 Hieremias
698 362 840 402 scilicet
867 364 1020 402 centum
1045 363 1153 401 annis
1182 365 1270 401 ante

201 419 369 459 Platonis
388 417 571 466 originem
589 417 857 466 prophetasset.
879 417 995 455 Addit
1009 419 1047 456 et
1067 417 1208 455 3113111
1199 428 1269 454 1111-

200 473 509 525 possibilitatem;
534 472 650 519 negat
678 470 779 509 enim
806 471 1093 509 translationem
1122 472 1271 520 septua-

199 528 304 576 ginta
323 526 572 573 interpretum
591 535 634 561 ex
648 524 849 562 Hebraea
840 537 879 561 111
896 524 1080 562 Graecam
1100 525 1270 581 linguam

199 580 365 631 potuisse
394 577 442 616 ad
462 576 628 616 Platonis
657 577 829 615 notitiam
857 577 1057 627 pervenire,
1089 588 1184 626 quae
1213 588 1272 615 00-

200 634 345 674 lebrata
382 632 455 670 fuit
489 633 670 680 regnante
699 631 799 681 apud
826 631 1028 681 Aegyptios
1057 631 1270 669 Ptolemaeo

200 690 238 726 et
264 690 308 725 ut
343 687 447 726 fieret
482 685 698 730 insistente,
741 697 857 723 annos
894 686 1040 723 circiter
1076 686 1271 733 sexaginta

199 742 284 791 post
314 738 481 778 Platonis
510 740 681 777 mortem.

282 794 327 831 In
354 794 426 830 hac
445 792 560 840 igitur
580 792 800 831 difficultate
819 793 1015 841 perplexus
1035 793 1271 840 Augustinus

200 859 265 898 per
299 847 532 884 coniecturas
570 846 758 893 egreditur
795 846 1040 894 opinaturque
1075 846 1272 883 Platonem

199 904 244 939 ut
272 903 310 938 in
338 912 407 939 sua
435 900 603 937 doctrina
631 902 780 938 tantam
825 902 946 938 servet
974 913 1062 938 cum
1091 898 1273 938 catholica

200 954 358 993 veritate
400 953 634 991 concordiam
678 964 744 991 seu
780 955 950 991 veterum
986 953 1079 991 forte
1121 953 1275 1001 quibus-

200 1008 289 1045 dam
316 1007 419 1044 libris
447 1006 640 1050 edoctum,
680 1018 745 1044 seu
772 1007 894 1055 potius
923 1007 1027 1044 iuxta
1053 1007 1144 1043 illud
1175 1007 1272 1055 Apo-

201 1062 395 1100 stolicum:
426 1061 538 1109 „quia
558 1061 656 1109 quod
685 1062 816 1099 notum
842 1062 898 1099 est
917 1060 999 1105 Dei,
1026 1060 1273 1099 manifestum

201 1117 260 1153 est
295 1115 335 1152 in
385 1114 478 1157 11113;
517 1114 620 1151 Deus
664 1115 765 1152 enim
810 1114 1065 1151 manifestavit
1098 1115 1193 1151 illis“
1236 1116 1274 1151 et

204 1180 300 1217 quae
329 1169 552 1216 sequuntur,
592 1179 668 1212 seu,
707 1168 745 1204 in
775 1167 873 1216 quod
901 1167 1023 1215 magis
1051 1167 1208 1204 inclinat
1236 1169 1273 1204 et

200 1222 330 1259 multis
365 1221 512 1259 indiciis
541 1221 764 1270 impellitur,
809 1224 852 1258 ut
881 1221 1043 1269 quodam
1070 1221 1179 1258 modo
1208 1233 1271 1269 pro

201 1276 357 1314 veritate
385 1274 603 1321 consentiat,
632 1275 719 1324 quia
748 1276 890 1313 scilicet
908 1275 969 1313 ille
989 1275 1044 1312 vir
1063 1274 1271 1313 acutissimi

201 1333 239 1368 et
282 1330 330 1368 ad
372 1329 593 1367 discendum
643 1330 867 1367 insatiabilis
917 1329 1055 1377 ingenii
1098 1330 1194 1367 sieut
1233 1329 1272 1366 in

201 1383 424 1432 Aegyptias,
464 1383 516 1420 310
552 1385 588 1420 et
624 1383 662 1420 111
698 1383 890 1420 Hebraeas
928 1383 1073 1421 litteras
1112 1383 1270 1420 alicuius

200 1436 411 1486 interpretis
440 1436 619 1485 colloquio
649 1437 860 1485 penetrarit.

282 1542 540 1593 Undecunque
577 1555 668 1582 sane
705 1543 797 1582 haec
834 1546 914 1583 tam
954 1544 1102 1581 virtutis
1149 1544 1271 1581 amica

201 1597 431 1647 philosophia
468 1599 696 1643 manaverit,
734 1610 849 1646 quam
885 1599 943 1635 dei
979 1599 1119 1635 donum
1154 1598 1270 1634 fuisse

200 1663 310 1689 nemo
353 1651 519 1696 dubitat,
555 1653 697 1700 quanta
734 1652 782 1689 sit
817 1651 915 1690 inter
950 1652 1050 1689 illius
1090 1651 1270 1700 opinionis

202 1707 238 1743 et
267 1704 564 1743 Christianorum
603 1705 715 1744 fidem
750 1705 890 1754 paritas
925 1706 988 1754 qui
1032 1706 1125 1743 scire
1162 1705 1270 1749 volet,

202 1758 302 1807 legat
329 1758 445 1807 ipsius
474 1759 680 1806 Augustini
710 1758 994 1796 Confessionum
1023 1759 1160 1796 librum
1190 1770 1271 1807 sep-

201 1812 361 1855 timum,
397 1813 462 1849 ubi
497 1813 675 1861 reperiet,
714 1813 752 1850 in
788 1814 961 1851 omnibus
997 1813 1071 1851 fere
1102 1824 1196 1861 quae
1225 1813 1270 1850 de

200 1865 321 1904 Verbo
340 1866 411 1905 Dei
431 1866 608 1905 dicuntur
627 1878 649 1904 a
669 1866 815 1912 nostris,
836 1867 1032 1905 Platonem
1052 1867 1270 1911 consentire,

201 1923 465 1968 praeterquam
493 1922 531 1957 in
561 1923 793 1969 susceptione
822 1922 1011 1958 humanae
1041 1922 1176 1965 carnis,
1206 1922 1269 1957 ubi

194 1984 267 2012 non
297 1976 426 2011 contra
456 1974 548 2011 dixit
576 1975 648 2019 ille,
678 1974 741 2013 sed
771 1975 882 2012 siluit.

280 2616 381 2654 Hinc
409 2619 468 2655 est
496 2619 594 2667 quod
629 2620 668 2656 in
695 2620 835 2656 eisdem
857 2619 1137 2657 Confessionum
1165 2621 1270 2657 libris

200 2731 263 2764 que
286 2722 395 2755 1--31103
418 2724 624 2765 Augustinus
648 2725 697 2757 illi
721 2724 802 2757 libro
826 2726 901 2757 fecit
925 2726 1067 2766 indices,
1096 2736 1170 2757 cum
1195 2736 1269 2757 eum

199 2766 294 2798 modo
316 2766 354 2798 de
377 2768 600 2799 sam-amenas
624 2779 692 2800 sire
719 2770 756 2800 de
775 2769 998 2810 plnwlosophza,
1023 2770 1118 2802 modo
1134 2770 1171 2801 cle
1190 2770 1269 2811 pbi-

197 2808 348 2850 Iosophia
370 2810 528 2841 adversus
551 2811 734 2850 Platonem
760 2813 853 2844 modo
876 2813 913 2843 (Ie
935 2815 1146 2843 sacramento
1179 2823 1268 2852 reye-

197 2852 386 2884 nerationis
419 2864 489 2885 swa
522 2854 559 2885 de
588 2854 819 2897 plzzlosophia
861 2866 1092 2897 nonnunquam
1130 2856 1212 2887 (10111
1207 2866 1269 2897 (1110

197 2894 391 2935 simplieitei
411 2897 449 2927 de
470 2899 718 2937 regeneratione
741 2899 894 2929 nominet.
940 2899 1107 2930 Platonem
1131 2909 1167 2930 eo
1190 2909 1264 2929 con-

196 2936 271 2970 31110
293 2938 327 2969 111
344 2940 529 2981 Aegyptum
553 2941 732 2981 profectum
749 2951 829 2976 esse
854 2944 912 2981 „ut
931 2941 1055 2982 Moysis
1071 2944 1170 2984 gesta,
1188 2941 1269 2983 legis

196 2980 341 3022 oracula,
379 2982 609 3023 prophetarum
647 2984 735 3015 dicta
773 2987 1035 3026 cognoscerss‘ent
1075 2985 1267 3015 Ambrosius

1370 253 1603 305 Quapropter
1643 255 1683 292 in
1720 254 1787 292 illa
1813 252 2113 304 peregrinatione
2139 263 2211 291 sua
2234 250 2351 292 Plato
2368 264 2443 294 1100

1368 308 1601 348 Hieremiam
1628 308 1754 348 videre
1791 306 1914 359 potuit
1947 309 2055 347 tanto
2091 307 2180 348 ante
2204 305 2441 357 emacem,

1368 373 1438 401 nec
1466 362 1618 402 easdem
1646 363 1850 412 scripturas
1877 361 2020 411 legere,
2064 371 2161 411 quae
2188 360 2357 400 nendum
2382 362 2442 402 ta-

1369 418 1477 454 erant
1513 416 1553 454 in
1582 415 1766 454 Graecam
1804 416 1976 464 linguam
2010 415 2237 460 translatae,
2275 426 2353 465 qua
2374 417 2441 455 me

1368 469 1540 519 pollebat,
1569 470 1643 508 nisi
1672 469 1782 516 forte,
1812 470 1901 519 quia
1928 468 2001 508 fuit
2028 467 2201 507 acerrimi
2228 468 2362 516 studii,
2391 469 2442 509 si-

1369 526 1434 560 cut
1461 524 1685 572 Aegyptias,
1715 525 1768 561 ita
1796 526 1834 562 et
1861 523 1955 561 istas
1982 534 2049 572 per
2073 523 2320 572 interpretem
2345 498 2441 562 ‹lidi-

1370 577 1430 621 cit,
1460 587 1534 614 non
1553 579 1595 614 ut
1615 577 1807 615 scribendo
1827 575 2061 621 transferret,
2080 575 2179 626 quod
2199 574 2439 616 Ptolomaeus

1370 642 1434 679 pro
1463 630 1604 677 ingenti
1633 630 1824 675 beneficio,
1852 631 1917 679 qui
1936 641 1960 668 a
1978 630 2083 678 regia
2108 631 2295 679 potestate
2321 631 2439 670 etiam

1370 684 1494 722 time-ri
1520 686 1673 732 poterat,
1703 685 1885 723 memisse
1911 683 2141 733 perhibetur,
2167 683 2233 723 sed
2259 684 2304 724 ut
2330 684 2441 725 eollo-

1372 737 1517 786 quendo
1546 738 1635 786 quid
1673 738 1908 776 continerent
1921 766 1930 782 ,
1967 738 2154 786 quantum
2189 748 2322 787 capere
2356 749 2441 789 po&

1374 794 1441 835 set,
1471 791 1689 829 addisceret.
1737 792 1818 830 Hoc
1837 794 1882 830 ut
1911 791 2157 837 existimetur,
2186 792 2253 830 illa
2280 792 2439 832 suadere

1372 844 1545 882 videntur
1572 845 1707 883 indicia
1724 875 1911 884 ........
1956 844 2004 883 Et
2032 845 2197 884 maxime
2215 845 2320 891 illud,
2340 846 2440 895 quod

1373 900 1409 937 et-
1437 909 1498 936 me
1519 898 1721 947 plurimum
1741 898 1905 945 adducit,
1935 900 1979 937 ut
1998 909 2115 949 paene
2135 898 2331 946 assentiar,
2354 899 2440 940 Pla-

1373 954 1499 989 tonem
1519 952 1667 989 illorum
1687 954 1866 990 librorum
1882 956 2070 1001 expertem
2090 965 2166 990 non
2184 951 2301 1005 fqisse
2311 982 2439 992 .......

1373 1005 1406 1041 V
1408 1006 1623 1043 ehementer
1637 1006 1704 1043 hoe
1720 1006 1825 1043 Plato
1845 1007 1968 1044 tenuit
1986 1008 2024 1044 et
2039 1006 2325 1066 diligentissime
2338 1018 2440 1047 oom-

1372 1058 1574 1097 mendant
1612 1058 1660 1097 Et
1679 1059 1802 1098 nescio
1822 1062 1951 1099 utrum
1971 1059 2041 1098 hoc
2059 1059 2209 1110 uspiam
2233 1059 2441 1111 reperiatur

1372 1113 1534 1149 inlibris
1550 1124 1689 1156 eorum,
1707 1114 1873 1161 quiante
1887 1114 2081 1152 Platonem
2100 1114 2291 1153 fuerunt..
2300 1127 2357 1153 .0.
2370 1116 2438 1153 ll:

1373 1165 1446 1203 Sed
1466 1166 1714 1214 undecunque
1732 1167 1806 1204 ista
1825 1167 1886 1205 ille
1911 1167 2089 1211 didicerit,
2119 1168 2197 1206 sive
2214 1167 2440 1218 praeceden-

1372 1219 1473 1257 tibus
1494 1231 1582 1257 eum
1596 1222 1765 1257 veterum
1785 1220 1897 1265 libris,
1914 1221 1989 1259 sive
2008 1221 2131 1269 potius
2148 1221 2333 1270 quomodo
2347 1221 2440 1261 dicit

1371 1273 1580 1322 Apostolus,
1603 1273 1725 1322 „quia,
1746 1273 1843 1323 quod
1863 1276 1994 1313 notum
2013 1276 2071 1313 est
2089 1274 2170 1321 Dei,
2190 1275 2439 1315 manifestum

1371 1330 1428 1365 est
1456 1328 1495 1365 in
1530 1328 1621 1379 illis3
1663 1328 1766 1367 Deus
1804 1329 1906 1367 enim
1948 1329 2020 1368 illis
2062 1329 2337 1376 manifestavit3
2381 1330 2440 1369 in-

1371 1381 1528 1418 visibilia
1558 1382 1657 1418 enim
1686 1383 1765 1419 eius
1794 1394 1816 1419 a
1844 1382 2107 1420 constitutione
2133 1383 2266 1421 mundi
2299 1396 2367 1433 per
2393 1395 2438 1422 ea

1371 1446 1465 1482 quae
1495 1435 1594 1471 facta
1624 1438 1713 1472 sunt
1740 1436 1930 1473 intellecta
1966 1436 2263 1485 conspiciuntur,
2301 1437 2438 1487 sempi-

1369 1491 1475 1528 terna
1504 1500 1650 1539 quoque
1679 1489 1798 1529 xirtus
1818 1490 1896 1530 eius
1926 1492 1963 1530 et
1990 1489 2188 1530 divinitas“
2201 1490 2270 1542 ¹)

1448 1542 1655 1592 Auqustin.
1692 1544 1859 1591 szfess.
1890 1545 1972 1588 VH,
1993 1547 2038 1581 9.
2077 1545 2129 1582 Et
2161 1546 2281 1594 primo
2308 1547 2437 1583 volens

1369 1597 1561 1634 ostendere
1589 1598 1700 1641 mihi,
1739 1610 1853 1645 quam
1881 1599 2035 1636 resistas
2064 1598 2251 1647 superbis,
2284 1598 2439 1638 humili-

1371 1649 1439 1688 bus
1474 1652 1605 1688 antem
1642 1650 1706 1689 (103
1742 1651 1905 1699 gratiam
1943 1653 1980 1690 et
2014 1653 2155 1701 quanta
2182 1651 2438 1691 misericordia

1369 1706 1435 1741 tua
1463 1704 1720 1742 demonstrata
1767 1705 1816 1743 sit
1847 1706 2063 1744 hominibus
2096 1706 2158 1744 via
2197 1706 2438 1752 humilitatis,

1369 1758 1465 1805 quod
1494 1759 1650 1795 verbum
1678 1761 1787 1796 tuum
1816 1770 1900 1797 caro
1928 1759 2073 1798 factum
2100 1761 2159 1798 est
2186 1762 2225 1798 et
2251 1759 2439 1798 habitavit

1368 1811 1465 1849 inter
1490 1811 1677 1856 homines,
1701 1813 1913 1873 procurasti
1940 1813 2036 1852 mihi
2063 1824 2129 1863 per
2154 1812 2346 1863 quendam
2371 1813 2438 1853 ho-

1368 1865 1509 1902 minem
1554 1866 1826 1904 immanissimo
1867 1867 1983 1916 typho
2020 1867 2214 1928 turgidum
2251 1867 2437 1917 quosdam

1368 1920 1645 1957 Platonicorum
1674 1921 1784 1959 libros
1815 1933 1857 1959 ex
1878 1920 2022 1959 Graeca
2041 1922 2171 1970 lingua
2199 1921 2239 1960 in
2261 1921 2437 1961 Latinam

1369 1984 1511 2017 301303,
1552 1976 1589 2012 et
1622 1974 1672 2011 ibi
1702 1975 1792 2023 legi,
1829 1986 1904 2013 non
1932 1974 2082 2024 quidem
2118 1975 2177 2015 his
2209 1974 2334 2015 verbis
2371 1975 2438 2018 sed

1370 2027 1436 2063 hoc
1464 2027 1564 2063 idem
1592 2029 1739 2064 omnino
1767 2029 1897 2065 multis
1926 2031 1964 2065 et
1990 2029 2264 2078 multiplicibus
2285 2027 2437 2068 suaderi

1368 2080 1585 2125 rationibus,
1615 2081 1712 2130 quod
1742 2083 1779 2120 in
1806 2082 1981 2132 principio
2007 2084 2090 2122 erat
2113 2081 2273 2123 verbum
2300 2083 2341 2122 et
2357 2094 2440 2122 ver·

1369 2134 1459 2170 bum
1488 2137 1567 2171 erat
1596 2135 1695 2183 apud
1724 2136 1836 2173 deum
1851 2136 1879 2185 ²)
1903 2165 1911 2173 .
1941 2165 1950 2173 .
1979 2164 1988 2173 .
2014 2135 2045 2173 β
2063 2136 2160 2185 Quia
2185 2147 2273 2175 vero
2299 2137 2339 2175 in
2367 2148 2439 2175 sua

1368 2188 1513 2236 propria
1549 2189 1650 2227 venit
1689 2192 1726 2227 et
1754 2190 1811 2228 sui
1840 2201 1928 2229 eum
1955 2201 2030 2228 non
2057 2193 2296 2241 receperunt,
2331 2192 2440 2242 quot-

1370 2244 1459 2291 quot
1487 2244 1614 2279 autem
1644 2245 1863 2293 receperunt
1889 2255 1987 2289 eum,
2016 2243 2120 2282 dedit
2137 2244 2193 2282 eis
2210 2247 2439 2295 potestatem

1369 2297 1461 2333 filios
1491 2297 1549 2334 dei
1577 2297 1674 2341 fieri,
1711 2298 1947 2336 credentibus
1981 2298 2021 2336 in
2048 2299 2199 2338 nomine
2227 2299 2327 2345 eius,
2363 2311 2439 2339 non

1368 2349 1416 2386 ibi
1445 2349 1528 2399 legi.
1585 2349 1682 2387 Item
1712 2351 1763 2388 ibi
1792 2351 1883 2401 legi,
1924 2351 2012 2402 quia
2040 2351 2145 2390 Deus
2180 2353 2339 2391 verbum
2364 2364 2440 2392 non

1368 2415 1411 2439 ex
1437 2415 1558 2446 carne,
1587 2416 1663 2441 non
1692 2417 1735 2441 ex
1765 2407 1958 2464 sanguine,
1986 2418 2063 2443 non
2088 2418 2133 2444 ex
2159 2407 2353 2446 voluntate
2371 2407 2440 2445 viri

1368 2468 1486 2505 neque
1516 2469 1558 2495 ex
1578 2456 1769 2497 soluntate
1798 2458 1933 2505 carnis,
1964 2457 2030 2498 sed
2057 2469 2102 2498 ex
2121 2458 2200 2499 Deo
2228 2461 2343 2500 natus
2368 2462 2444 2500 est.

1370 2510 1442 2549 Sed
1481 2512 1569 2559 quia
1606 2512 1761 2550 xerbum
1798 2523 1883 2552 caro
1917 2513 2064 2552 factum
2099 2517 2158 2553 est
2190 2517 2230 2553 et
2254 2515 2441 2554 habitavit

1369 2565 1405 2601 in
1433 2565 1550 2602 nobis.
1579 2577 1652 2603 non
1680 2566 1729 2603 ibi
1757 2567 1840 2615 legi.

1448 2617 1609 2667 Auyust.
1644 2618 1811 2667 Ccmf'ess.
1851 2620 1910 2658 ΙΠ
1947 2620 1993 2659 4:
2031 2620 2130 2660 Sunt
2157 2621 2223 2671 qui
2257 2621 2443 2662 seducant

1368 2684 1432 2721 per
1458 2673 1745 2732 philosophiam,
1782 2685 1922 2724 magno
1961 2676 2000 2714 et
2034 2674 2173 2715 blando
2210 2678 2250 2716 et
2283 2676 2442 2716 honesto

1368 2727 1515 2764 nomine
1552 2728 1757 2765 colorantes
1796 2730 1834 2766 et
1867 2729 2039 2767 fucantes
2073 2741 2217 2768 errores
2254 2741 2364 2775 31103;
2404 2734 2443 2769 et

1367 2792 1477 2829 prope
1507 2793 1653 2827 omnes,
1692 2783 1757 2831 qui
1794 2794 1837 2821 ex
1872 2783 1947 2822 illis
1986 2786 2023 2822 et
2060 2795 2174 2834 supra
2209 2784 2442 2834 temporibus

1367 2835 1462 2873 tales
1491 2837 1616 2880 erant,
1652 2838 1834 2875 notantur
1857 2837 1898 2875 in
1926 2848 1969 2876 eo
1996 2837 2089 2877 libro
2117 2840 2156 2876 et
2179 2837 2442 2878 demensum-

1367 2891 1440 2932 tur,
1478 2892 1516 2926 et
1551 2890 1819 2929 manifestatur
1845 2891 1896 2929 ibi
1925 2891 2119 2931 salutifera
2143 2891 2211 2930 illa
2236 2891 2442 2933 admonitio

1436 2995 1572 3030 ¹.)Roni
1597 2996 1849 3028 1.19—20.—
1874 2997 1899 3038 ³²)
1924 2997 2083 3039 Sequilur
2108 2998 2153 3030 Io.
2179 2996 2274 3031 1-5.
2297 2999 2414 3034 9—10.
