2715 3357
1264 118 1310 159 11
1372 144 1562 148 ww-

234 247 238 251 ,
302 261 386 303 Iam
412 273 499 300 vero
525 260 565 298 in
592 260 654 298 his
680 260 803 298 verbis
831 260 978 298 exsistit
1005 259 1175 309 quaestio
1204 260 1391 309 quaedam
1418 260 1671 312 subdifficilis,
1699 260 1865 309 primum
1892 271 2007 309 quem
2034 259 2241 308 Augustini
2266 258 2407 298 libum

173 320 351 358 Petrarca
396 316 458 354 hic
493 314 693 363 significet,
731 316 816 352 tum
852 325 966 362 quem
1006 313 1195 352 Ciceronis
1233 313 1372 352 librum
1408 314 1457 351 ab
1495 314 1703 362 Augustino
1741 313 1940 352 laudatum
1973 325 2071 352 esse·
2090 312 2200 357 velit;
2240 323 2406 362 namque

132 390 134 392 ¹
173 371 410 423 Augustinus
441 367 628 408 Ciceronis
657 367 769 406 libros
799 379 887 407 cum
915 367 1056 414 laudat,
1085 367 1322 418 inscriptione
1350 367 1397 406 de
1423 366 1536 406 laude
1555 367 1814 416 philosophiae
1841 378 2040 417 nunquam
2067 366 2198 407 utitur.

282 425 356 464 Sed
383 425 588 471 utrumque
617 422 800 471 quomodo
830 434 869 460 se
896 422 1073 461 habuerit
1100 422 1175 460 alia
1202 422 1399 461 Petrarcae
1428 422 1589 471 epistula
1618 422 1839 460 declaratur.
1884 422 1957 470 Qui
1984 434 2038 469 ep.
2068 434 2142 460 rer.
2163 433 2244 460 sen.
2265 420 2360 459 vm
2379 422 2405 459 6

174 481 268 528 ,,Ε31
296 481 334 518 01
352 476 556 526 Augustini
585 488 677 525 opus
698 475 834 521 aliud,“
863 476 997 525 inquit,
1025 475 1148 525 „quod
1169 474 1531 515 Confessicnum
1559 476 1709 521 dicitur,
1736 476 1915 515 tredecim
1934 475 2156 515 distinctum
2183 475 2289 516 libris
2292 505 2403 514 .....

174 535 275 574 Scito
303 533 411 571 illum
439 531 579 568 librum
606 530 700 567 mihi
729 530 875 567 aditum
903 530 1017 568 fuisse
1047 530 1095 567 ad
1123 541 1253 568 omnes
1282 541 1409 568 sacras
1438 531 1594 567 litteras.
1651 529 1765 577 Quas,
1794 532 1838 567 ut
1865 530 2027 567 humiles
2055 532 2094 568 et
2119 530 2331 579 incomptas
2358 540 2404 567 ac

174 586 429 627 saecularibus
456 584 639 632 impares,
669 586 707 622 et
734 584 849 621 nimio
879 584 1030 621 illarum
1058 595 1184 621 amore
1225 586 1262 621 et
1290 586 1503 632 contemptu
1542 585 1680 621 harum
1717 586 1755 621 et
1783 583 1954 632 opinione
1990 582 2036 621 de
2062 595 2124 622 me
2153 583 2250 622 falsa
2276 585 2402 632 atque,

173 643 216 679 ut
243 639 403 678 breviter
431 639 469 675 et
493 637 562 674 hoc
590 638 668 685 ipse
696 639 893 685 peccatum
922 648 1051 675 meum
1070 637 1201 681 fatear,
1230 637 1425 675 insolentia
1454 638 1605 675 iuvenili
1634 637 1944 680 0111001110111000,
1972 639 2016 674 111
2042 637 2208 685 intelligo
2229 636 2403 686 clareque

173 694 278 733 video
299 703 410 736 nunc,
441 692 622 739 suggestu
642 690 707 727 diu
728 690 897 728 tumidus
918 690 1131 729 adolescens
1152 690 1241 738 fugi.
1288 690 1326 728 Is
1345 691 1438 729 liber
1457 702 1518 728 me
1538 691 1700 728 mutavit
1719 692 1887 735 eatenus,
1917 701 1991 727 non
2009 690 2091 727 dico
2109 693 2153 728 ut
2170 691 2262 728 vitia
2281 690 2403 740 prima

173 747 414 790 dimitterem,
444 755 540 793 quae
571 744 628 782 vel
655 744 727 781 hac
755 744 905 781 utinam
933 746 1056 782 aetate
1087 744 1313 788 dimiserim,
1344 744 1407 782 sed
1436 746 1480 781 ut
1504 756 1547 782 ex
1577 745 1638 782 illo
1668 755 1794 782 sacras
1823 744 1967 782 litteras
1995 755 2064 782 nec
2091 755 2307 793 spernerem
2333 755 2403 782 nec

174 801 348 846 odissem,
376 799 493 836 immo
521 809 606 835 1010
644 809 705 836 1110
745 798 927 847 paulatim
955 798 1084 835 horror
1117 798 1178 836 ille
1212 798 1394 835 mulceret
1430 800 1467 836 et
1494 798 1630 835 invitas
1660 809 1769 836 aures
1805 799 2097 846 recusantesque
2134 797 2182 835 ad
2211 809 2250 836 se
2277 798 2402 836 oculos

171 856 362 897 traheret;
401 853 560 900 denique
589 854 633 889 ut
661 863 788 889 amare
816 852 961 889 litteras
989 852 1074 890 illas
1102 852 1305 901 inciperem
1332 855 1368 890 et
1396 852 1524 890 mirari
1554 855 1591 890 et
1620 864 1796 900 quaerere
1826 854 1939 900 atque
1976 864 2020 890 ex
2048 851 2123 896 eis,
2159 851 2248 890 licet
2274 852 2402 890 minus

171 909 307 949 florum
333 906 508 952 forsitan,
543 907 583 944 at
618 905 779 956 profecto
818 906 902 956 plus
930 905 1124 944 fructuum
1153 917 1268 955 quam
1298 917 1340 943 ex
1375 905 1447 944 illis
1478 906 1559 943 aliis
1599 909 1710 944 antea
1740 908 1823 943 tam
1852 905 1997 944 dilectis
2017 905 2168 951 ,elicere
2185 906 2213 956 ¹)
2272 905 2401 954 Neque

171 975 257 1001 vero
285 963 443 1011 dignum
471 962 569 1004 erat,
609 961 712 997 nulla
741 972 784 997 ex
812 963 916 1009 parte
946 959 1206 997 Christianum
1235 961 1424 998 hominem
1453 961 1653 1008 August-ini
1683 961 1825 1008 eloquio
1853 960 2013 1004 mutari,
2051 972 2175 1004 cum,
2213 962 2267 998 ut
2294 960 2401 1010 ipse

172 1017 287 1055 dicti
315 1015 471 1065 operis
510 1014 632 1052 libro
660 1014 811 1052 tertio
840 1014 1080 1059 meminit,
1112 1013 1464 1052 Ciceronianus
1503 1025 1605 1052 eum
1642 1014 1756 1052 adeo
1791 1015 2038 1053 mutasset
2066 1013 2401 1053 Hortensius.“

172 1071 217 1108 111
244 1071 315 1108 1100
343 1069 458 1117 igitur
485 1068 646 1117 epistula
666 1068 842 1106 Petrarca
863 1068 1040 1116 quoniam
1068 1068 1164 1105 inter
1182 1068 1384 1116 Augustini
1412 1069 1524 1105 libros
1555 1067 1901 1106 Confessiones
1929 1069 2109 1118 primas
2138 1080 2186 1107 se
2214 1069 2400 1116 legisse

172 1125 314 1168 narrat,
343 1134 431 1160 cum
460 1122 500 1159 in
519 1121 639 1172 prima
668 1121 828 1170 epistula
849 1122 932 1158 libri
953 1121 1087 1159 decimi
1108 1121 1227 1170 quinti
1256 1122 1367 1159 libros
1397 1122 1611 1170 coepisse
1630 1122 1831 1169 Augustini
1859 1134 1904 1160 se
1933 1122 2091 1170 legere
2120 1121 2233 1167 dicat,
2261 1121 2400 1160 librum

171 1190 194 1216 a
214 1189 286 1226 quo
305 1176 485 1225 inceperit
514 1173 570 1213 Co
584 1175 637 1212 nf
641 1186 687 1212 es
700 1175 859 1213 siones
888 1175 1151 1223 intellegamus
1172 1177 1325 1224 oportet.
1372 1177 1496 1224 Atque
1517 1175 1616 1224 apud
1635 1175 1894 1224 Auyustinum
1921 1176 1964 1213 in
1983 1176 2088 1214 tertio
2112 1174 2401 1224 Conse-ssimum

170 1231 261 1268 libro
289 1231 382 1267 haec
411 1230 548 1277 scripta
578 1231 684 1266 sunt:
724 1229 852 1272 „Inter
890 1229 957 1266 hos
996 1240 1062 1276 ego
1098 1229 1288 1267 imbecilla
1322 1230 1415 1266 tunc
1450 1231 1573 1266 aetate
1608 1229 1798 1266 discebam
1835 1229 1946 1267 libros
1982 1229 2214 1278 eloquentiae
2234 1259 2242 1267 .
2264 1259 2272 1267 .
2293 1259 2302 1267 .
2324 1260 2332 1267 .
2360 1230 2400 1268 et

170 1284 310 1323 usitato
338 1283 416 1321 iam
444 1282 612 1321 discendi
640 1281 766 1320 ordine
795 1292 1037 1332 perveneram
1066 1281 1104 1320 in
1133 1282 1272 1320 librum
1302 1282 1491 1331 quendam
1519 1282 1717 1320 cuiusdam
1747 1281 1954 1328 Ciceronis,
1989 1283 2097 1320 cuius
2124 1283 2296 1332 linguam
2323 1282 2398 1321 fere

172 1350 301 1376 omnes
329 1338 525 1380 mirantur,
554 1338 685 1384 pectus
714 1348 788 1373 11011
817 1337 881 1373 ita.
940 1335 1034 1373 Sed
1062 1337 1189 1373 liber
1217 1337 1312 1372 iste
1350 1337 1506 1384 ipsius
1541 1337 1925 1373 exhortationem
1954 1337 2172 1374 continet
2209 1337 2265 1374 ad
2292 1337 2398 1386 phi-

173 1391 446 1441 losophiam
477 1392 523 1428 et
551 1391 755 1427 vocatur
783 1389 1093 1427 Hortensius.
1150 1389 1245 1427 1110
1273 1401 1384 1428 1010
1413 1390 1535 1429 liber
1568 1390 1775 1428 mutavit
1807 1389 2046 1429 affectum
2079 1401 2228 1429 meum
2263 1392 2311 1430 et
2338 1389 2396 1429 ad

173 1447 428 1496 teipsum,
457 1444 664 1489 1101111110,
694 1444 903 1482 mutavit
930 1455 1096 1493 preces
1124 1455 1249 1483 meas
1279 1446 1323 1482 et
1350 1446 1461 1482 1010
1490 1456 1542 1482 00
1570 1444 1819 1482 (1031110110
1847 1456 1943 1482 mea
1972 1444 2087 1483 fecit
2114 1444 2287 1495 alia.“²)

304 1500 407 1547 Quae
450 1511 538 1537 011111
566 1499 620 1536 ita
656 1499 749 1543 sint,
783 1499 1000 1537 Petrarcam
1042 1510 1129 1536 cum
1149 1499 1288 1537 librum
1325 1499 1370 1537 de
1405 1498 1516 1537 laude
1544 1498 1800 1547 philosophiae
1834 1499 2021 1545 nominet,
2056 1497 2305 1538 Hortensium
2341 1499 2398 1538 in-

172 1555 345 1604 tellegere
383 1555 549 1604 oportet,
589 1555 633 1591 ut
670 1553 708 1591 id
737 1565 894 1603 quoque,
924 1552 1022 1602 quod
1049 1553 1164 1591 altero
1191 1553 1270 1591 1000
1302 1553 1341 1591 111
1368 1553 1526 1591 (11111111111
1554 1554 1775 1599 vocabatur,
1810 1553 1993 1602 quomodo
2027 1553 2319 1603 intellegendum
2347 1554 2398 1593 sit

172 1610 372 1660 appareat3
410 1619 500 1646 nam
529 1607 627 1656 quod
656 1608 695 1645 in
722 1608 843 1657 prima
872 1608 1032 1657 epistula
1066 1608 1151 1645 libri
1178 1607 1248 1645 XV
1276 1619 1402 1646 rerum
1432 1608 1608 1645 senilium
1644 1608 1736 1645 libro
1764 1608 1808 1647 de
1836 1608 1946 1646 laude
1974 1608 2225 1658 philosophiae
2252 1607 2398 1654 tribuit,

171 1664 209 1701 id
236 1664 274 1701 in
303 1663 462 1711 epistula
492 1664 596 1700 sexta
633 1662 716 1699 libri
743 1662 835 1699 VIII
864 1661 1049 1699 Ciceronis
1085 1661 1285 1700 Hortensio
1321 1662 1496 1700 effectum
1536 1674 1615 1700 esse
1646 1664 1784 1700 narrat.
1840 1663 1893 1700 Ac
1922 1674 1969 1700 ne
1997 1662 2080 1711 quis
2108 1664 2249 1701 temere
2276 1663 2347 1701 hoc
2373 1673 2397 1701 a

171 1717 277 1755 nobis
329 1716 401 1754 dici
450 1715 658 1754 existimet:
714 1727 835 1764 neque
877 1715 941 1752 alii
991 1726 1111 1764 neque
1164 1715 1324 1753 Orellius
1375 1717 1578 1765 utrumque
1628 1716 1788 1753 indicem
1841 1716 2066 1764 coniungere
2117 1716 2396 1754 dubitaverunt.

172 1771 270 1818 Quin
301 1770 416 1808 etiam
444 1770 521 1818 ipse
543 1768 669 1807 Cicero
697 1769 813 1807 istum
835 1769 973 1806 librum
1001 1769 1115 1808 fuisse
1135 1771 1261 1807 totum
1280 1770 1395 1807 tradit
1423 1770 1468 1807 de
1493 1770 1666 1807 laudibus
1695 1770 1956 1819 philosophiae,
1983 1781 2073 1807 cum
2091 1769 2137 1808 dc
2165 1769 2239 1809 div.
2260 1769 2299 1808 Π
2320 1770 2356 1816 1,
2372 1770 2392 1808 1

171 1826 263 1863 haec
292 1824 410 1862 dicat:
442 1823 564 1868 „Nam
593 1826 630 1861 et
658 1823 840 1861 cohortati
869 1835 1013 1868 sumus,
1041 1826 1085 1861 ut
1112 1823 1274 1861 maxime
1302 1824 1513 1872 potuimus,
1552 1824 1599 1861 ad
1627 1824 1879 1873 philosophiae
1909 1824 2078 1861 studium
2106 1835 2149 1862 eo
2176 1824 2292 1869 libro,
2330 1824 2395 1874 qui
2452 1854 2457 1857 »

172 1880 230 1916 031
256 1877 457 1926 inscriptus
489 1877 747 1915 Hortensius.“
803 1876 872 1913 Est
899 1877 1014 1925 igitur
1042 1888 1140 1914 unus
1169 1877 1279 1920 liber,
1319 1877 1379 1914 cui
1408 1889 1451 1914 ex
1481 1880 1701 1924 argumento
1730 1878 1890 1914 indicem
1919 1877 1963 1914 de
1981 1876 2241 1925 philosqohia,
2271 1888 2315 1916 ex
2342 1889 2397 1922 οο,

171 1932 276 1969 0111113
304 1933 382 1968 tota
410 1931 484 1968 fere
505 1930 651 1968 videtur
678 1930 793 1969 fuisse
813 1930 1027 1979 disputatio,
1057 1930 1215 1969 indicem
1236 1929 1466 1968 Hortensius
1495 1931 1638 1969 factum
1666 1943 1745 1969 esse
1772 1933 1873 1980 puto,
1901 1931 2002 1968 haud
2031 1942 2139 1969 secus
2160 1942 2204 1969 ac
2223 1930 2399 1970 Laelium

172 1985 247 2023 sive
275 1984 320 2022 de
348 1985 518 2022 amicitia
546 1984 770 2033 inscriptum
798 1996 878 2021 esse
905 1986 1037 2021 notum
1066 1986 1133 2022 est.

299 2038 441 2076 Verum
468 2038 507 2075 in
535 2039 647 2075 rebus
677 2038 922 2086 apertissimis
951 2049 996 2075 ne
1022 2038 1183 2075 nimium
1211 2038 1311 2085 longi
1340 2038 1481 2081 simus,
1511 2050 1609 2076 1111110
1638 2039 1674 2075 111
1703 2038 1818 2086 ipsius
1849 2038 2037 2076 Francisci
2064 2039 2188 2077 verbis
2216 2038 2404 2088 explican—

170 2091 227 2129 dis
255 2102 467 2141 pergamus.
526 2091 562 2128 Is
591 2103 678 2129 cum
717 2091 764 2128 ab
792 2091 1004 2139 Augustino
1042 2091 1081 2129 in
1111 2090 1410 2129 Confessionibus
1446 2092 1587 2129 librum
1624 2092 1729 2129 illum
1759 2092 1874 2129 tantis
1910 2091 2085 2129 laudibus
2123 2092 2267 2130 elatum
2304 2092 2407 2130 inve-

170 2146 299 2189 nisset,
327 2145 465 2182 librum
495 2145 694 2193 quendam,
725 2146 788 2193 qui
817 2145 1042 2182 Hortensius
1072 2146 1356 2189 inscribebatur,
1386 2146 1449 2193 qui
1479 2146 1511 2183 ei
1541 2146 1670 2183 statim
1702 2145 1818 2190 affuit,
1848 2145 2027 2194 inspexit;
2057 2145 2123 2184 sed
2150 2146 2246 2184 nihil
2273 2157 2404 2184 eorum

169 2198 331 2244 invenit,
370 2210 464 2248 quae
502 2200 539 2237 et
574 2199 654 2249 ipsa
690 2199 773 2236 libri
801 2198 1040 2248 inscriptione
1077 2200 1114 2237 et
1140 2199 1340 2248 Augustini
1368 2199 1542 2237 laudibus
1569 2200 1758 2249 permotus
1788 2210 1867 2237 sese
1895 2199 2139 2237 inventurum
2167 2210 2250 2238 esse
2278 2210 2406 2250 spera-

169 2255 284 2291 verat.
342 2252 446 2300 Quae
475 2265 534 2291 res
563 2265 651 2291 eum
678 2253 860 2295 attonuit:
899 2265 965 2291 3110
1001 2253 1117 2302 ipsius
1154 2254 1302 2302 ingenio
1332 2256 1443 2302 atque
1469 2253 1639 2291 tarditati
1668 2253 1859 2297 attribuit,
1889 2253 1988 2302 quod
2015 2253 2255 2292 librariorum
2283 2264 2405 2292 errore

170 2308 416 2345 commissum
445 2310 535 2346 erat.
583 2307 712 2356 Neque
741 2307 779 2345 id
807 2307 968 2349 mirum:
998 2319 1088 2345 nam
1117 2308 1181 2356 qui
1209 2307 1300 2345 liber
1325 2307 1618 2346 Hortensius
1648 2307 1694 2345 ab
1723 2308 1776 2345 eis
1804 2307 2007 2356 inscriptus
2035 2309 2134 2353 erat,
2162 2308 2207 2353 is,
2235 2308 2274 2346 id
2303 2307 2404 2358 quod

169 2364 299 2410 postea
327 2361 481 2399 demum
510 2362 692 2410 cognovit,
723 2361 955 2399 Lucullus
985 2362 1061 2400 sive
1089 2361 1374 2399 Academica
1401 2362 1657 2400 inscribendus
1685 2364 1774 2399 erat.

300 2414 373 2453 Sed
410 2416 589 2464 quoniam
623 2416 663 2453 in
699 2428 811 2464 quem
847 2416 1023 2464 laqueum
1060 2416 1152 2453 falso
1191 2416 1326 2453 codicis
1360 2416 1556 2454 cuiusdam
1584 2416 1703 2453 indice
1733 2427 1770 2453 se
1799 2415 1964 2454 induerit
1992 2416 2156 2465 exposui,
2183 2428 2285 2455 nunc
2313 2428 2404 2466 quo-

169 2469 278 2506 modo
308 2481 351 2506 ex
379 2481 421 2507 eo
451 2482 488 2507 se
518 2470 718 2519 expedierit
747 2470 946 2519 explicabo.
1004 2470 1047 2507 In
1078 2469 1376 2508 Confessionibus
1405 2470 1461 2507 bis
1491 2470 1668 2508 laudatur
1693 2469 1938 2513 Hortensius;
1972 2469 2077 2509 locus
2105 2470 2152 2510 de
2180 2482 2222 2509 00
2250 2470 2405 2510 affertur

168 2522 306 2560 nullus.
372 2523 503 2571 Itaque
544 2524 740 2567 Petrarca,
777 2524 884 2572 quod,
922 2535 1009 2561 cum
1038 2524 1203 2561 codicem
1239 2524 1347 2561 illum
1376 2524 1524 2571 legeret,
1555 2535 1576 2561 a
1608 2535 1670 2572 spe
1699 2523 1871 2571 repulsus
1908 2526 2026 2568 esset,
2062 2524 2101 2562 id
2128 2525 2167 2562 in
2195 2525 2402 2562 obtunsum

167 2576 393 2624 tardumque
430 2578 624 2625 ingenium
662 2578 826 2615 conferre
871 2578 1010 2626 potuit3
1048 2577 1150 2615 haud
1184 2578 1237 2615 ita
1272 2577 1390 2615 multo
1432 2580 1533 2626 post,
1581 2589 1668 2615 cum
1704 2577 1741 2614 in
1788 2577 1859 2614 alio
1897 2577 2104 2626 Augustini
2144 2578 2236 2617 libro
2279 2579 2403 2617 locum

168 2629 356 2677 quendam
385 2641 428 2668 ex
442 2631 472 2680 3)
503 2629 687 2668 Ciceronis
708 2631 907 2668 Hortensio
937 2630 985 2668 ad
1014 2632 1169 2668 verbum
1198 2631 1423 2680 exscriptum
1439 2632 1468 2680 4)
1500 2631 1650 2675 videret,
1680 2641 1752 2667 11011
1780 2631 1913 2679 potuit.
1953 2632 2078 2680 Atque
2106 2632 2144 2669 id
2170 2631 2319 2670 factum
2331 2635 2401 2678 est,

299 2736 323 2776 1)
347 2735 393 2768 Cf.
418 2736 579 2777 Koerte'nq
601 2737 622 2769 l.
648 2747 673 2769 0.
699 2746 770 2779 pag.
795 2737 858 2768 495
883 2747 929 2778 sq.
963 2755 1002 2759 —
1037 2737 1062 2777 ⁶²)
1086 2736 1225 2777 Auyust.
1256 2736 1346 2776 Conf.
1370 2736 1420 2768 III
1449 2738 1478 2768 4.
1526 2737 1571 2768 Cf.
1596 2736 1675 2767 ibid.
1699 2735 1782 2768 Vm
1806 2737 1841 2767 7:
1872 2736 1970 2768 Multi
2001 2737 2066 2769 mei
2096 2737 2173 2770 anni
2203 2748 2333 2770 mecum
2355 2738 2402 2770 ef-

166 2777 343 2817 fluxerant,
374 2789 415 2810 ex
445 2790 508 2820 quo
539 2781 578 2812 ab
607 2781 852 2811 undevicesimo
882 2791 964 2811 anno
994 2781 1108 2812 aetatis
1138 2790 1229 2811 meae
1258 2780 1365 2811 lecto
1388 2780 1601 2812 Ciceronis
1624 2779 1851 2812 Hortensio
1882 2780 2098 2813 excitatus
2126 2790 2233 2813 eram
2264 2781 2403 2814 studio

167 2829 182 2850 s
192 2829 238 2861 ap
248 2820 411 2854 ientiae.
430 2822 477 2854 Cf.
490 2823 527 2854 (Ie
543 2823 613 2855 vita
626 2823 705 2855 beat.
719 2824 748 2854 4.
764 2842 802 2845 —
819 2823 843 2861 3)
852 2823 888 2855 Id
905 2823 991 2854 enim
1008 2823 1170 2865 significat
1186 2823 1378 2864 praepositio
1394 2823 1440 2859 cle,
1455 2833 1519 2864 qua
1531 2823 1635 2854 utitur
1650 2822 1811 2863 Petrarca,
1828 2832 1905 2854 cum
1920 2823 2018 2855 dicit:
2035 2825 2089 2864 „et
2102 2823 2229 2865 aliquid
2240 2824 2287 2856 ibi
2309 2824 2350 2857 de
2364 2834 2403 2857 eo

166 2862 248 2895 libro
271 2864 413 2904 positum
437 2867 493 2906 (sc.
511 2867 646 2908 inveni),
664 2877 727 2908 quo
751 2867 835 2898 nihil
850 2869 899 2899 est
915 2866 1076 2899 dulcius.“
1109 2867 1154 2899 Cf.
1180 2867 1245 2899 Cic.
1263 2867 1299 2898 cle
1315 2877 1361 2898 or.
1378 2866 1394 2898 I
1410 2866 1461 2907 59,
1479 2866 1556 2898 252:
1580 2866 1653 2898 Vox
1678 2868 1710 2898 et
1732 2867 1844 2907 gestus
1860 2866 1968 2899 subito
1991 2867 2079 2899 sumi
2100 2868 2135 2899 et
2148 2866 2280 2900 aliunde
2301 2867 2403 2910 arripi

166 2915 230 2937 non
253 2908 372 2947 potest,
405 2908 487 2940 iuris
511 2910 636 2941 utilitas
660 2911 699 2941 ad
720 2920 882 2950 quamque
905 2920 1036 2942 eausam
1070 2910 1220 2951 quamvis
1242 2912 1372 2950 repente
1394 2909 1447 2940 101
1471 2920 1490 2941 a
1512 2910 1625 2950 peritis
1648 2908 1702 2940 vel
1725 2910 1771 2940 de
1794 2909 1920 2941 libris
1942 2910 2087 2951 depromi
2109 2911 2223 2951 potest.
2274 2909 2343 2943 On'o.
2364 2911 2404 2943 de

167 2947 221 2988 off.
250 2949 301 2981 ΙΠ
330 2950 368 2982 21
382 2976 390 2991 ,
419 2951 477 2983 82:
508 2952 582 2993 Ipse
612 2955 721 2985 autem
751 2963 841 2985 socer
869 2953 903 2985 in
932 2963 985 2984 ore
1015 2963 1141 2994 semper
1171 2953 1308 2985 Graecos
1338 2962 1450 2985 versus
1482 2953 1527 2984 de
1557 2952 1807 2984 Phoenissis
1836 2952 1983 2985 habebat.
2041 2952 2183 2992 Quintil.
2205 2952 2254 2986 VI
2282 2953 2320 2995 3,
2341 2953 2401 2987 86:

168 2991 293 3024 Versus
309 2994 396 3025 enim
413 2994 520 3027 dicere
544 2996 651 3037 coepit
674 2997 719 3028 de
743 2996 850 3028 libro
873 2996 996 3028 Ennii
1020 2996 1160 3029 annali
1185 2998 1316 3028 sexto.
1334 3014 1372 3018 ——
1391 2997 1416 3038 ⁴)
1432 2996 1524 3028 Hanc
1547 2996 1616 3028 vim
1640 2996 1674 3027 in
1690 2996 1860 3028 Petrarcae
1883 2997 2007 3028 verbis:
2024 2996 2158 3036 „inveni
2178 2996 2403 3040 allegatum

2094 3050 2143 3089 2*
