2715 3357
207 279 227 308 ·÷
235 264 388 317 βψ
642 212 730 296 stilo
761 257 908 296 metam
933 267 1137 307 parmper
1164 257 1317 297 excede-

193 316 318 371 {¹9⁸¹
326 308 448 367 idque
466 308 519 348 ab
540 297 631 361 1980
639 320 955 372 recognoscerem,
984 310 1084 371 quod
1111 322 1186 349 non
1204 311 1315 349 modo

135 370 145 374 ‘
178 377 181 381 >
392 355 460 402 sed
487 374 668 413 sequaces
696 363 813 402 etiam
835 364 896 402 801
922 364 1127 403 memoriae
1146 364 1316 413 prodide-

94 398 110 432 1*
127 416 129 418 ’
170 417 184 469 j
236 409 338 457 uixit.
364 415 490 466 Igitur
502 415 669 457 adventu
688 428 757 456 800
775 417 1054 468 inAegyptum,
1071 429 1184 467 quem
1200 429 1313 468 supra

234 468 368 515 retuli,
404 471 554 519 praeter
588 470 830 519 astrologiam
868 472 1137 521 prophetarum
1166 483 1312 521 quoque

232 522 331 564 ritus
374 522 461 574 acl)
499 521 712 562 doctrinam
750 524 926 564 didicisse
969 525 1170 563 Platonem
1210 525 1312 562 fama

235 578 304 622 est,
324 576 425 626 quod
444 577 580 626 etipse
598 578 793 627 Apuleius,
813 579 912 617 vitae
933 581 1164 627 actuumque
1186 579 1312 627 singu-

212 629 360 671 lorum
392 630 475 670 eius
500 630 814 681 diligentissimus
849 632 1054 679 scrutator,
1099 633 1232 671 asserit
1275 635 1312 671 et

232 683 419 734 gloriosus
435 686 546 735 pater
562 686 800 734 Augustinus
830 686 870 724 in
890 687 1007 731 libris,
1029 698 1121 735 quos
1141 687 1186 724 de
1207 687 1312 724 Chri-

234 737 362 777 stiana
380 727 552 778 doctrina
570 738 699 785 edidit,
725 740 910 778 curiosius
938 741 1163 789 exsequitur.
1216 740 1311 778 Nar-

233 792 308 830 rat
320 791 426 830 0111111
460 791 578 832 fuisse
607 794 687 832 suis
725 794 955 843 temporibus
983 795 1207 839 haereticos,
1246 794 1308 842 qui

234 843 407 889 dixerant
435 843 670 886 Salvatorem
698 849 872 887 nostrum
900 858 974 886 non
1001 848 1209 897 propriam,
1245 847 1309 886 800

234 898 473 938 Platonicam
510 900 686 939 habuisse
722 902 943 945 doctrinam,
972 913 1015 938 ex
1044 903 1186 938 ratione
1216 904 1311 938 tem-

232 951 333 1001 poris
359 952 637 1002 blasphemiam
664 953 871 992 colorantes
892 954 991 1002 quod
1020 955 1122 1003 prius
1143 954 1309 992 Platonis

232 1004 508 1057 philosophiam
537 1017 653 1057 quam
684 1005 823 1046 Christi
852 1008 1087 1057 evangelium
1118 1019 1197 1046 esse
1226 1019 1311 1045 con-

234 1060 363 1099 staret.
406 1058 512 1107 Quae
532 1061 723 1099 calumnia
741 1073 809 1110 per
823 1063 1087 1100 sanctissimae
1107 1063 1309 1099 memoriae

185 1120 189 1122 “
231 1112 478 1152 Ambrosium
491 1113 813 1153 Mediolanensem
833 1114 1049 1164 episcopum
1068 1115 1120 1152 ita
1142 1116 1310 1152 convicta

232 1167 311 1210 est,
338 1168 384 1205 ut
410 1166 689 1213 ostenderetur,
718 1167 919 1206 Platonem
946 1168 1069 1217 potius
1099 1180 1194 1217 quae
1222 1180 1308 1206 vera

232 1219 415 1260 sensisset
455 1231 531 1260 non
566 1196 719 1271 quidein
755 1233 798 1261 ex
835 1233 896 1261 ore
934 1221 1156 1268 Salvatoris,
1197 1233 1308 1271 quem

232 1273 358 1314 videre
374 1285 452 1314 non
466 1275 604 1337 potuit,
628 1275 695 1315 sed
715 1276 793 1315 ab
784 1276 902 1326 ipsius
925 1277 1172 1326 praeconibus
1202 1277 1308 1326 longe

232 1330 322 1366 ante
355 1329 551 1379 promissis
579 1331 788 1378 accepisse,
829 1331 1014 1378 siquidem
1044 1343 1116 1378 quo
1145 1333 1308 1379 tempore

233 1382 274 1420 'm
300 1382 518 1442 Aegyptum
546 1383 668 1428 venit,
705 1395 772 1422 seu
800 1383 894 1422 forte
931 1396 998 1422 seu
1026 1384 1206 1421 divinitus
1235 1383 1309 1421 illic

202 1453 209 1459 ·
231 1430 420 1478 invenisse
446 1434 700 1483 Hieremiam,
736 1448 759 1477 a
787 1448 860 1488 quo
888 1437 1147 1499 propheticum
1184 1448 1309 1476 susce-

231 1490 350 1539 pisset
390 1501 593 1537 arcanum,
637 1493 747 1540 quod,
786 1495 830 1528 ut
867 1493 962 1536 dixi,
1002 1504 1194 1529 successor
1228 1493 1307 1529 eius

231 1541 437 1593 Apuleius,
470 1544 644 1593 quamvis
682 1544 802 1583 multo
832 1544 983 1584 brevius
1026 1557 1095 1584 nec
1137 1557 1308 1594 expresso

231 1595 447 1637 Hieremiae
475 1597 645 1645 nomine,
672 1599 865 1638 consensit
877 1599 919 1649 2).

284 2006 419 2047 ‘Idem
454 2008 584 2047 tamen
612 2007 849 2057 Augustinus
884 2007 923 2045 in
957 2007 1039 2046 aliis
1069 2007 1308 2057 postmodum

230 2061 356 2106 libris,
394 2063 434 2100 in
469 2063 607 2111 quibus
646 2062 839 2100 civitatem
868 2062 937 2099 Dei
976 2062 1151 2100 aedificat
1180 2064 1216 2100 et
1244 2062 1310 2099 ad-

229 2114 438 2155 versariam
473 2115 658 2155 subvertit
671 2116 701 2167 ⁸)
740 2115 780 2153 in
813 2115 910 2154 hanc
953 2115 1073 2165 ipsam
1110 2115 1308 2153 historiam

297 2211 322 2254 ¹)
353 2210 414 2244 Ed.
442 2211 524 2244 Bae.
555 2212 588 2244 et
609 2210 709 2243 Bern.
743 2211 792 2244 ad.
823 2229 863 2234 ——
895 2210 919 2252 2)
956 2210 1089 2252 Α9111011
1120 2210 1211 2242 locus
1244 2211 1307 2242 iam
1357 2228 1358 2231 =

253 2279 261 2287 .
286 2255 307 2288 3
328 2265 350 2287 a
377 2265 430 2287 me
460 2255 579 2288 allatus
607 2258 667 2287 est.
699 2274 740 2278 —
780 2255 805 2295 ³)
843 2255 1057 2295 Auyust'e'mcs
1094 2255 1127 2286 in
1165 2254 1308 2286 seeundo

291 2297 526 2329 raccatt'aemwm
553 2297 640 2329 libro
669 2298 750 2329 haec
782 2297 822 2329 ab
853 2298 1025 2328 Ambrosio
1057 2298 1090 2327 in
1122 2297 1219 2334 libro,
1251 2298 1307 2336 qui

227 2340 465 2375 inscriberetur
486 2340 526 2374 (10
557 2340 770 2374 sacramentis
794 2340 865 2373 sive
894 2340 933 2373 de
964 2339 1171 2381 philosophia
1202 2339 1307 2381 expli-

228 2385 303 2416 0818
324 2391 397 2414 0888
418 2385 538 2415 limat.
583 2383 647 2414 cfr.
670 2384 815 2413 Retract.
839 2384 872 2414 Π
894 2384 925 2421 4,
951 2384 1006 2413 ubi
1032 2384 1115 2413 inter
1141 2394 1193 2415 ea.
1225 2394 1307 2422 luae

228 2427 265 2460 in
294 2426 390 2460 libris
425 2426 467 2459 de
502 2425 650 2460 doctrina
679 2425 863 2459 Christiana
897 2425 1086 2468 eonigenda
1121 2436 1191 2458 esse
1227 2425 1306 2458 fato-

333 2469 414 2503 haec
449 2479 579 2511 quoque
615 2470 750 2511 profert:
790 2469 853 2511 ,,Ε1
889 2470 924 2501 in
962 2479 999 2501 eo
1038 2470 1123 2511 quod
1158 2470 1227 2500 dixi
1268 2470 1307 2500 0(

227 2472 414 2562 10111901·οω
440 2513 579 2545 historia
614 2515 763 2546 sanctum
794 2513 1004 2545 Ambrosium
1040 2513 1121 2544 8011
1114 2523 1178 2544 isse
1208 2523 1305 2552 quae-

228 2554 370 2590 stionem
411 2556 581 2598 nmquam
604 2555 770 2589 coaetanei
794 2555 917 2588 fuerint
939 2555 1032 2588 Plato
1056 2558 1088 2586 et
1111 2555 1306 2595 Hieiemias,

226 2608 282 2632 me
302 2598 365 2632 refe
393 2598 418 2631 t
439 2599 606 2631 memoria.
644 2598 730 2630 Nam
754 2599 834 2639 quid
857 2599 913 2629 ille
929 2600 968 2629 de
992 2600 1052 2630 hac
1077 2608 1110 2629 re
1134 2609 1173 2638 01
1178 2600 1306 2646 iseopus

227 2641 368 2682 dixerit,
395 2641 432 2674 111
453 2640 538 2674 libro
559 2641 633 2674 eius
655 2641 791 2683 legitur,
816 2651 913 2683 quem
937 2642 977 2673 de
1000 2642 1213 2674 sacramentis
1236 2641 1306 2673 sive

226 2685 285 2718 de
303 2666 512 2727 philosophia
550 2684 693 2726 scripsit.
757 2667 828 2716 H⁷oc
857 2694 939 2725 opus
969 2685 1016 2715 sio
1047 2685 1178 2724 incipit.
1215 2684 1307 2722 ,Sunt

423 2727 627 2772 (1080118111ιιι
665 2727 739 2761 Non
762 2727 912 2769 pervenit
934 2727 974 2760 ad
991 2729 1132 2760 nostram
1157 2727 1210 2759 hic
1227 2728 1306 2759 A-ni

226 2729 437 2805 mmor
451 2772 591 2804 8011110111
613 2771 654 2803 ab
670 2771 855 2813 Augustino
879 2771 1010 2811 saepius
1034 2771 1163 2809 allatus,
1188 2771 1307 2811 dequo

225 2812 284 2848 ille
305 2823 356 2857 09
391 2814 432 2847 31
468 2814 510 2848 ad
542 2813 721 2847 Paulinum
753 2813 918 2847 Nolanum
953 2814 1090 2855 „libros
1124 2796 1306 2845 beatissimi

323 2823 520 2893 pAmbrosii
543 2858 639 2889 credo
660 2858 779 2889 habere
802 2858 1009 2890 sanctitatem
1033 2860 1141 2897 tuam,
1170 2867 1224 2889 008
1248 2867 1306 2889 au-

217 2901 295 2935 *tem
315 2900 584 2942 008108100οω
606 2900 764 2933 adversus
789 2900 962 2933 nonnullos
986 2899 1251 2941 imperitissimos
1275 2901 1307 2930 et

131 2960 136 2964 λ
181 2950 186 2976 ἶ
216 2943 574 2985 811981111βώωῇᾳηί
596 2943 637 2974 de
652 2943 798 2975 Platonis
820 2943 914 2975 libris
930 2944 1108 2991 meimun
1131 2943 1270 2983 profecis
1255 2953 1306 2973 880

230 2984 441 3030 emmaum,
465 2952 720 3031 diligentissime
742 2987 776 3018 et
797 2985 1022 3029 copiosissime
1045 2985 1209 3028 scripsitf‘
1247 2987 1305 3017 At-

1494 417 1645 467 Apulei.
1667 417 1688 455 l.
1711 430 1740 455 c.
1761 417 1846 455 13:
1875 417 2126 465 Astrologiam
2149 418 2318 468 adusque
2338 421 2485 472 Aegyp-

1412 475 1496 511 tum
1531 473 1599 510 ivit
1639 471 1819 521 petitum,
1864 474 1908 510 ut
1952 471 2038 510 inde
2082 472 2349 521 prophetarum
2387 475 2484 514 ritus

1411 527 1526 563 etiam
1554 525 1772 562 addisceret.

1491 630 1698 682 Auyuscm.
1729 631 1774 670 de
1802 631 1914 670 doctr.
1949 630 2088 671 C'hrist.
2120 632 2175 678 II,
2204 633 2278 671 28:
2317 633 2374 674 De
2410 636 2484 674 uti-

1411 688 1515 724 litate
1536 689 1664 723 autem
1686 687 1875 729 historiae,
1904 688 1947 723 ut
1966 687 2141 723 omittam
2162 686 2335 733 Graecos,
2365 701 2483 737 quan-

1410 742 1490 778 tam
1519 741 1645 778 noster
1663 739 1884 777 Ambrosius
1913 739 2174 788 quaestionem
2203 740 2314 780 solvit
2340 742 2484 781 calum-

1410 794 1601 831 niantibus
1631 793 1800 830 Platonis
1829 793 2030 831 lectoribus
2059 796 2098 831 et
2125 794 2382 840 dilectoribus,
2419 797 2483 844 qui

1410 848 1530 885 dicere
1575 847 1658 884 ausi
1701 849 1809 892 sunt,
1863 858 1993 884 onmes
2046 846 2188 883 domini
2234 848 2352 885 nostri
2395 848 2482 887 Iesu

1412 901 1549 938 Christi
1578 901 1803 944 sententias,
1840 912 1934 948 quas
1960 901 2090 938 mirari
2118 904 2155 938 et
2182 901 2395 949 praedicare
2423 915 2483 942 00-

1409 956 1560 1000 guntur,
1589 954 1633 991 00
1654 953 1820 991 Platonis
1848 954 1951 991 libris
1979 965 2066 991 eum
2091 953 2276 1000 didicisse,
2305 955 2483 1003 quoniam

1409 1008 1518 1056 longe
1546 1010 1633 1044 ante
1654 1008 1864 1044 humanum
1890 1007 2094 1044 adventum
2115 1007 2266 1045 Domini
2286 1008 2482 1047 Platonem

1409 1062 1523 1099 fuisse
1547 1062 1674 1109 negari
1699 1074 1774 1099 non
1796 1063 1929 1109 potest.
1987 1060 2118 1099 Nonne
2143 1064 2375 1101 memoratus
2407 1063 2483 1112 epi-

1411 1126 1543 1164 scopus
1580 1114 1815 1152 considerata
1851 1114 2008 1152 historia
2036 1115 2207 1162 gentium
2238 1126 2326 1153 cum
2355 1127 2483 1165 reppe-

1410 1169 1520 1206 risset
1547 1169 1743 1205 Platonem
1772 1168 1985 1206 Hieremiae
2022 1167 2222 1217 prophetae
2250 1169 2482 1218 temporibus

1409 1222 1615 1271 profectum
1643 1222 1757 1259 fuisse
1784 1222 1823 1259 in
1843 1222 2070 1271 Aegyptum,
2099 1222 2165 1258 ubi
2192 1223 2283 1260 tunc
2302 1223 2482 1272 propheta

1408 1277 1468 1314 ille
1507 1279 1606 1321 erat,
1644 1276 1871 1326 probabilius
1908 1287 1988 1314 esse
2023 1275 2203 1321 ostendit,
2240 1277 2339 1325 quod
2373 1277 2481 1316 Plato

1409 1331 1531 1378 potius
1571 1331 1707 1368 nostris
1748 1331 1883 1368 litteris
1919 1342 1985 1379 per
2011 1330 2245 1368 Hieremiam
2271 1330 2385 1369 fuerit
2411 1331 2482 1369 im-

1409 1384 1542 1427 butus,
1578 1385 1622 1421 ut
1660 1383 1722 1421 illa
1763 1385 1889 1432 posset
1925 1383 2055 1422 docere
2090 1384 2148 1422 vel
2178 1384 2354 1429 scribere,
2384 1395 2481 1433 quae

1357 1442 1359 1454 “
1409 1438 1488 1476 iure
1517 1437 1748 1475 laudantur?
1803 1438 1902 1474 Ante
1940 1437 2085 1474 litteras
2123 1437 2226 1475 enim
2253 1438 2376 1486 gentis
2405 1438 2482 1475 He-

1409 1494 1626 1535 braeorum,
1663 1492 1702 1528 in
1730 1503 1805 1539 qua
1840 1492 1954 1529 unius
1983 1492 2053 1529 Dei
2082 1492 2207 1530 cultus
2232 1492 2396 1537 emicuit,
2438 1505 2481 1531 ex

1409 1557 1484 1594 qua
1513 1544 1721 1584 secundum
1741 1555 1893 1584 carnem
1912 1544 2014 1584 venit
2041 1544 2218 1584 dominus
2243 1546 2381 1591 noster,
2410 1556 2480 1584 nec

1408 1600 1486 1648 ipse
1523 1599 1674 1647 quidem
1712 1599 1946 1647 Pythagoras
1985 1598 2072 1643 fuit,
2116 1610 2139 1635 a
2176 1599 2282 1636 cuius
2323 1600 2480 1648 posteris

1410 1654 1607 1690 Platonem
1636 1653 1861 1701 theologiam
1890 1652 2064 1691 didicisse
2091 1652 2155 1690 isti
2184 1655 2368 1691 asserunt.
2421 1652 2481 1691 Ita

1410 1706 1652 1744 consideratis
1673 1707 1903 1755 temporibus
1932 1707 1975 1744 fit
1993 1707 2113 1744 multo
2134 1706 2359 1752 credibilius,
2388 1706 2480 1745 istos

1409 1760 1531 1810 potius
1568 1759 1613 1797 de
1648 1759 1784 1797 litteris
1821 1760 1957 1798 nostris
1996 1760 2192 1804 habuisse,
2235 1771 2480 1809 quaecunque

1410 1816 1507 1851 bona
1543 1816 1579 1851 et
1607 1825 1694 1851 vera
1722 1813 1912 1858 dixerunt,
1947 1825 2063 1862 quam
2092 1814 2137 1851 de
2168 1813 2335 1851 Platonis
2364 1813 2481 1851 domi-

1409 1879 1502 1907 num
1538 1870 1711 1906 nost-rum
1742 1868 1867 1906 Iesum
1897 1867 2108 1913 Christum,
2147 1867 2244 1918 quod
2277 1867 2481 1906 dementis-

1410 1922 1552 1959 simum
1582 1924 1639 1959 est
1668 1922 1826 1960 credere.

1491 2007 1697 2056 Aetfflcste'n.
1728 2008 1773 2044 (Ze
1808 2008 1874 2044 civ.
1904 2005 1983 2044 Dec
2011 2007 2123 2050 VIII,
2166 2008 2236 2043 11:
2293 2007 2481 2043 Mirantur

1410 2064 1538 2099 autem
1582 2061 1736 2109 quidam
1775 2061 1880 2100 nobis
1918 2061 1958 2099 in
1998 2060 2135 2099 Christi
2177 2060 2300 2109 gratia
2338 2060 2478 2105 sociati,

1409 2127 1497 2152 cum
1535 2115 1693 2152 audiunt
1728 2115 1785 2152 vel
1821 2115 1967 2162 legunt,
2009 2114 2204 2152 Platonem
2234 2115 2278 2151 de
2311 2114 2379 2151 deo
2406 2114 2480 2151 ista

1410 2169 1582 2212 sensisse,
1610 2180 1704 2216 quae
1732 2169 1897 2206 multum
1928 2180 2132 2217 congruere
2153 2168 2301 2207 veritati
2328 2169 2479 2206 nostrae

1410 2222 1595 2272 religionis
1626 2224 1844 2272 agnoscunt.
1903 2222 2011 2260 Unde
2040 2222 2208 2259 nonnulli
2238 2222 2479 2271 putaverunt,

1408 2289 1514 2320 eum,
1552 2277 1702 2324 quando
1731 2277 1889 2325 perrexit
1918 2278 1955 2314 in
1984 2278 2218 2325 Aegyptum,
2247 2274 2479 2314 Hieremiam

1409 2329 1558 2368 audisse
1595 2330 1812 2380 prophetam
1850 2330 1907 2367 1·οΙ
1945 2330 2149 2380 scripturas
2178 2329 2412 2379 propheticas
2442 2329 2479 2365 in

1408 2385 1539 2420 eadem
1587 2385 1881 2430 peregrinatione
1927 2385 2083 2431 legisse,
2132 2395 2291 2430 quorum
2328 2383 2479 2430 quidem

1409 2436 1617 2486 opinionem
1648 2436 1687 2475 in
1716 2436 1942 2486 quibusdam
1972 2436 2078 2475 libris
2107 2435 2200 2475 meis
2230 2435 2347 2486 posui.
2406 2433 2479 2473 Sed

1409 2492 1606 2539 diligenter
1635 2493 1838 2540 supputata
1867 2494 2080 2541 temporum
2108 2491 2220 2535 ratio,
2251 2501 2346 2539 quae
2375 2489 2480 2526 chro-

1408 2545 1492 2582 nica
1519 2545 1673 2582 historia
1702 2546 1924 2589 continetur,
1953 2545 2150 2582 Platonem
2176 2544 2317 2581 indicat
2345 2554 2367 2580 a
2385 2545 2481 2580 tem-

1408 2611 1514 2648 pore,
1553 2611 1624 2647 quo
1653 2599 1886 2647 prophetavit
1914 2598 2144 2641 Hieremias,
2183 2599 2336 2635 centum
2363 2595 2479 2633 ferme

1409 2664 1529 2690 annos
1558 2655 1686 2701 postea
1716 2655 1850 2690 natum
1880 2653 2005 2691 fuisse.
2074 2651 2145 2699 Qui
2175 2662 2263 2689 cum
2291 2649 2480 2698 octoginta

1409 2709 1446 2744 et
1477 2717 1594 2743 unum
1623 2706 1784 2751 vixisset,
1814 2707 1861 2743 ab
1890 2718 1986 2743 anno
2015 2706 2150 2743 mortis
2176 2706 2256 2742 eius
2285 2714 2404 2751 usque
2432 2702 2480 2739 ad

1408 2760 1443 2797 id
1464 2763 1624 2809 tempus,
1645 2772 1716 2809 quo
1737 2761 1988 2805 Ptolomaeus,
2008 2772 2071 2798 rex
2086 2758 2257 2808 Aegypti,
2275 2757 2479 2806 scripturas

1356 2841 1358 2850 ,
1408 2814 1641 2863 propheticas
1665 2815 1790 2862 gentis
1808 2814 2068 2852 Hebraeorum
2093 2813 2137 2851 de
2157 2812 2297 2850 Iudaea
2314 2809 2481 2860 poposcit

1356 2893 1358 2909 2
1409 2870 1445 2905 et
1465 2880 1529 2916 per
1550 2869 1789 2916 septuaginta
1808 2869 1905 2906 viros
1921 2869 2123 2912 Hebraeos,
2146 2866 2208 2915 qui
2229 2866 2345 2904 etiam
2365 2863 2480 2902 Grae-

1408 2933 1494 2960 cam
1523 2922 1692 2969 linguam
1721 2925 1914 2967 noverant,
1941 2919 2241 2971 interpretandas
2269 2916 2479 2956 habendas-

1409 2986 1481 3024 que
1519 2976 1686 3020 curavit,
1725 2976 1815 3013 anni
1854 2976 1971 3014 ferme
2000 2975 2237 3024 reperiuntur
2274 2971 2478 3019 sexaginta.
